1708 2684
252 243 300 280 12
504 241 889 282 ITINERARIUM
918 241 1083 282 REGIS
1110 239 1347 282 RICARDI

249 367 491 412 contractus,
513 376 586 403 nec
600 363 821 403 dissolutus
840 363 993 403 laetitia.
1043 362 1092 403 In
1111 366 1274 403 tantum
1292 375 1390 403 vero
1408 361 1594 418 nativum

250 427 498 467 Alemanniae
526 429 798 468 venerabatur
830 428 1047 480 eloquium,
1078 433 1127 467 ut
1163 441 1395 480 quanquam
1426 426 1594 468 alterius

249 492 397 546 linguae
429 506 511 532 non
539 493 689 532 inscius
717 499 834 542 esset,
865 493 1035 532 aliarum
1065 498 1201 532 tamen
1233 492 1419 546 gentium
1447 491 1593 540 missis,

249 571 331 597 non
370 558 448 598 nisi
484 571 557 610 per
594 558 860 610 interpretem
897 558 1141 610 loqueretur.
1202 557 1274 597 Vir
1311 563 1464 606 tantus,
1501 569 1594 598 cum

247 628 414 675 propter
440 628 667 674 praeeuntes
696 623 934 662 summarios
962 622 1117 662 diutius
1146 622 1406 671 substitisset,
1427 621 1593 662 tandem

249 701 362 727 mora
381 688 423 726 in
442 687 610 727 taedium
629 688 828 735 vertitur;
851 693 894 728 et
907 688 987 728 iter
1005 688 1227 740 anticipare
1245 688 1421 739 cupiens,
1442 687 1594 727 flumen

247 754 479 805 proximum
507 758 754 793 transmeare
783 753 974 806 disponit,
996 758 1044 793 ut
1065 753 1168 793 illud
1193 766 1217 792 a
1242 758 1358 806 parte
1383 752 1593 792 summari—

247 831 364 858 orum
418 818 621 858 anteriore
676 831 883 858 remensus
929 818 982 858 ad
1028 818 1103 858 viae
1149 818 1291 859 redeat
1344 817 1590 858 libertatem.

247 883 283 923 O
320 887 452 924 mare!
497 883 532 924 Ο
570 887 700 924 terra!
743 883 778 924 Ο
815 884 986 924 coelum!
1028 884 1096 924 ille
1142 883 1316 924 Romani
1360 883 1593 924 moderator

245 949 414 1001 imperii,
437 962 595 1002 semper
613 949 836 1003 Augustus,
853 962 926 1001 per
944 962 1065 1001 quem
1083 949 1222 989 Romae
1240 949 1390 989 veteris
1407 948 1592 990 refloruit

244 1014 385 1067 gloria,
408 1015 559 1054 revixit
578 1014 715 1063 honos,
734 1019 913 1067 potestas
933 1014 1136 1054 excrevit:
1165 1014 1269 1054 heu!
1297 1015 1413 1067 aquis
1431 1013 1592 1068 deperit

244 1081 503 1132 interceptus,
527 1085 569 1120 et
589 1080 684 1120 licet
704 1080 882 1132 undique
902 1081 946 1119 in
966 1079 1191 1119 subsidium
1209 1079 1459 1120 collaterales
1476 1079 1590 1120 festi-

245 1150 356 1193 nent,
377 1145 473 1184 vitae
493 1151 629 1184 tamen
650 1145 787 1185 senilis
806 1144 1028 1198 igniculum
1048 1158 1156 1185 mors
1175 1158 1351 1198 praeceps
1369 1149 1412 1185 et
1429 1148 1590 1184 matura

243 1210 459 1262 extinguit.

298 1435 531 1484 Riclzard
562 1434 772 1485 becomes
810 1435 965 1501 King
998 1434 1056 1499 of
1085 1435 1354 1502 England,
1394 1443 1538 1487 1189.

242 1540 368 1580 OBIIT
405 1553 477 1580 rex
516 1539 716 1580 Henricus
753 1541 795 1580 in
835 1540 1096 1589 Normannia,
1136 1541 1201 1582 die
1240 1547 1385 1582 octava
1422 1541 1587 1584 Sancto-

241 1619 332 1645 rum
345 1604 635 1657 Apostolorum
646 1606 760 1645 Petri
773 1611 815 1645 et
826 1605 983 1655 Pauli,*
999 1619 1105 1646 anno
1118 1607 1283 1647 Domini
1297 1607 1583 1658 m⁰e⁰lxxx⁰ix⁰,

331 1663 415 1733 1185}
511 1676 553 1710 et
572 1670 755 1723 sepultus
775 1675 837 1711 est
854 1671 963 1724 apud
981 1671 1155 1711 Fontem
1175 1672 1352 1713 Ebraldi.

329 1724 426 1784 R.S.,'
565 1735 699 1789 Igitur
736 1736 878 1777 eodem
905 1750 1012 1776 anno
1044 1743 1138 1789 post
1165 1737 1323 1778 obitum
1352 1738 1480 1790 patris
1508 1738 1583 1789 sui,

281 1790 469 1831 pp.141-2.
511 1801 709 1841 Ricardus
756 1815 888 1842 comes
925 1802 1187 1851 Pictavensis,
1228 1802 1426 1843 ordinatis
1461 1803 1583 1844 rebus

238 1867 282 1905 in
334 1866 596 1914 Normannia‚
646 1872 839 1919 tanquam
891 1867 1106 1907 transactis
1156 1867 1315 1908 duobus
1365 1869 1581 1920 mensibus,

238 1932 523 1971 transfretavit
546 1932 590 1970 in
616 1932 818 1985 Angliam‚
849 1938 892 1972 et
920 1932 986 1972 die
1015 1932 1154 1972 Sancti
1181 1932 1374 1986 AEgidii†
1395 1939 1583 1987 receptus

237 2004 300 2037 est
329 2011 420 2038 cum
445 1998 697 2049 processione
727 1998 896 2038 solemni
924 1998 977 2037 ad
997 1998 1416 2048 Westmonasterium‚
1445 2003 1488 2039 et
1514 1999 1582 2040 dio

236 2064 360 2103 tertia
415 2063 610 2114 sequenti,
657 2063 849 2103 videlieet
902 2064 945 2102 in
1000 2063 1066 2103 die
1121 2063 1388 2104 ordinationis
1442 2064 1581 2106 Sancti

237 2127 421 2181 Gregorii
447 2131 595 2180 papae‚‡
620 2141 709 2180 quae
729 2128 816 2168 dies
835 2129 916 2168 fuit
935 2128 1156 2177 Dominiea,
1179 2129 1414 2170 solemniter
1432 2136 1580 2171 unctus

235 2197 298 2233 est
316 2193 359 2231 in
379 2206 528 2244 regem.

369 2291 386 2306 *
411 2291 470 2323 See
487 2293 567 2322 note
584 2291 613 2324 7.
783 2291 803 2331 †
826 2291 886 2324 See
902 2294 982 2323 note
999 2294 1030 2324 8.
1197 2295 1218 2332 ἶ
1243 2292 1303 2325 See
1320 2295 1401 2326 note
1416 2295 1445 2326 9.
