1708 2684
406 210 794 253 ITINERARIUM
823 209 989 251 REGIS
1018 207 1252 250 RICARDI
1455 207 1503 245 41

376 400 605 452 Arrival
637 407 692 451 at
730 401 904 450 Βαίας
940 399 998 463 of
1027 397 1270 449 Ascalon.

149 509 223 551 SIC
260 510 438 560 contriti,
478 509 651 563 probati,
685 508 859 562 fatigati,
896 508 1043 561 saepius
1071 506 1154 547 diei
1181 520 1263 559 qua
1290 505 1377 545 nati
1406 510 1504 544 sunt

150 575 449 625 maledicentes,
471 575 726 628 frequentius
755 575 908 627 seipsos
933 573 1245 626 colaphizantes,
1264 570 1432 612 tandem
1451 569 1503 610 ad

447 641 691 682 Ascalonem
710 641 921 682 civitatem
939 644 1240 694 pervenerunt;
1270 651 1394 690 quam
1417 650 1502 678 om-

447 709 544 748 nino
590 708 649 748 ita
694 707 875 747 dirutam
921 721 946 747 a
992 705 1203 746 Saracenis
1249 704 1336 744 solo
1383 709 1504 744 tenus

449 778 700 827 repererunt,
740 778 789 813 ut
826 773 897 813 vix
930 786 1023 813 oum
1061 784 1219 812 summo
1257 770 1395 810 labore
1432 782 1506 821 per

151 846 363 894 portarum
405 840 600 881 introitus
647 838 808 894 ingredi
854 839 1098 891 potuissent,
1139 850 1261 889 super
1298 835 1508 888 congeries

153 906 346 960 lapidum.
414 906 514 946 Dies
551 906 621 946 illa
653 906 735 945 fuit
774 905 967 946 vicesima
1003 903 1154 944 mensis
1191 901 1391 942 Januarii.
1448 900 1508 940 Ea

154 978 273 1012 nocte
288 985 363 1025 pro
377 971 574 1012 facultate
587 971 755 1011 virtutis
775 970 1030 1023 singulorum
1045 969 1122 1009 sibi
1137 968 1309 1021 quisque
1323 966 1508 1007 vacabat.

230 697 328 730 1192.

163 739 259 779 RS..
277 751 312 784 p.
330 741 406 774 312.

177 1071 319 1112 Simms
331 1071 522 1124 destroyed
535 1069 856 1122 Comaders'fleet,
875 1069 954 1109 and
965 1073 1024 1110 cut
1037 1069 1093 1121 off
1099 1068 1193 1108 their
1198 1067 1292 1119 food
1303 1066 1476 1119 supplies.

217 1246 437 1297 Saladin
483 1247 754 1298 Dismz‘sses
799 1246 874 1295 his
928 1246 1128 1310 Troops
1175 1242 1256 1293 till
1298 1243 1451 1307 May,

757 1331 902 1374 1192.

155 1428 487 1476 SALAHADINUS‚
505 1427 646 1483 audito
664 1427 773 1479 quod
788 1440 887 1479 gens
903 1430 1043 1466 nostra
1058 1438 1129 1478 per
1144 1424 1349 1464 maritima
1364 1423 1511 1462 fuisset

154 1494 347 1547 dispersa,
369 1500 412 1533 et
427 1493 535 1545 quod
557 1507 607 1533 ex
628 1499 743 1546 parte
763 1499 902 1532 noster
922 1497 1027 1531 esset
1053 1490 1274 1542 dissipatus
1295 1490 1509 1538 exereitus,

452 1560 639 1612 permisit
658 1558 839 1612 singulos
866 1557 1069 1598 exereitus
1096 1557 1159 1596 sui
1186 1556 1388 1608 principes
1417 1569 1509 1595 cum

456 1632 579 1679 gente
595 1639 668 1665 sua
687 1625 729 1664 in
750 1625 914 1678 propria
928 1623 1094 1670 reverti,
1109 1628 1169 1670 ut,
1183 1636 1311 1675 usque
1331 1634 1512 1661 mensem

458 1691 624 1740 Maium,
643 1691 796 1731 seilicet
813 1694 976 1742 tempus
992 1688 1244 1741 expeditioni
1265 1693 1511 1740 competens,

157 1762 362 1806 vacantes,
400 1771 464 1797 res
502 1770 594 1796 suas
633 1755 783 1810 singuli
813 1759 1004 1795 curarent
1033 1754 1289 1794 domesticas.
1350 1752 1514 1792 Interea

157 1823 292 1872 Turoi,
307 1824 377 1875 qui
396 1823 480 1875 jam
501 1837 573 1876 per
587 1822 828 1862 continuum
841 1820 1154 1873 quadriennium
1171 1819 1247 1859 sub
1266 1818 1513 1858 Salahadino

157 1889 471 1929 laboriosissime
502 1888 794 1934 militaverant,
828 1887 870 1926 in
905 1887 1047 1926 eastris
1079 1885 1311 1925 voluntarie
1340 1884 1513 1938 digressi

158 1961 267 2002 sunt,
290 1962 337 1995 ut
356 1954 629 1995 desideratam
648 1954 875 1994 reviserent
894 1951 1100 1991 familiam.

239 1614 336 1647 1192.

167 1657 262 1700 RS„
282 1669 314 1701 p.
336 1659 410 1691 314.

184 2117 501 2184 Rebuz'lding
535 2117 591 2181 of
622 2116 849 2166 Ascalon
865 2137 879 2165 .·
915 2114 1072 2164 Dulce
1105 2113 1161 2178 of
1192 2113 1497 2179 Burgundy

490 2195 745 2257 Quarrels
785 2195 903 2244 with
938 2194 1182 2243 Richard.

163 2293 381 2332 EXEUNTE
410 2293 496 2344 jam
527 2306 663 2332 mense
697 2291 908 2339 Januari0‚
939 2297 982 2329 et
1011 2290 1190 2329 instante
1219 2302 1309 2328 aere
1339 2289 1515 2341 puriore,

166 2373 239 2399 rex
270 2373 375 2412 aegre
406 2359 540 2399 ferens
567 2359 791 2398 exereitum
820 2358 861 2397 in
892 2356 1054 2396 diversa
1080 2356 1270 2408 dispergi,
1301 2355 1518 2395 destinatis
