1708 2684
401 198 791 253 ITINERARIUM
821 212 986 253 REGIs
1014 211 1255 254 RIGARDI
1452 213 1504 252 45

149 333 317 388 quidem
333 336 611 375 commoturus
630 335 855 376 exercitum
869 335 994 389 prior,
1009 335 1174 386 scilicet,
1193 335 1506 376 Herefordensis

152 402 357 456 prioratus
387 402 602 454 cujusdam
636 401 806 456 Angliae.
879 402 1006 443 Venit
1033 403 1172 455 itaque
1200 402 1312 455 prior
1339 401 1408 442 ille
1436 402 1506 442 de-

234 501 321 535 1192
424 473 592 521 portans
611 466 770 508 litteras
789 468 877 521 regi
896 481 948 508 ex
966 473 1084 520 parte
1105 467 1301 508 Willelmi
1319 467 1506 521 Elyensis

233 525 332 585 Rs}
423 533 611 587 episcopi,
643 534 750 587 regis
781 533 1021 582 cancellarii,
1048 547 1089 575 se
1119 533 1386 587 significantis
1413 547 1506 574 cum

187 599 246 633 PP·
263 590 377 623 333-4.
419 597 521 646 aliis,
579 611 681 650 quos
735 611 809 638 rex
858 610 985 651 regno
1031 597 1192 651 Angliae
1234 596 1507 649 deputaverat

149 667 315 707 interim
331 663 608 720 gubernando,
629 663 714 715 jam
733 663 858 704 fuisse
870 678 895 703 a
908 668 1027 703 terrae
1047 662 1344 703 munitionibus
1364 667 1505 703 extur-

148 733 290 783 batos3
317 729 535 772 nonnullos
565 730 688 770 etiam
717 729 825 782 parti
854 742 935 769 suae
965 729 1151 770 faventes
1170 729 1213 768 in
1233 729 1504 769 seditionibus

147 804 390 852 peremptos,
413 796 519 837 sicut
539 795 648 836 idem
668 795 780 848 prior
802 809 845 835 se
865 795 1015 836 vidisse
1039 795 1294 845 testabatur;
1322 800 1366 835 et
1393 795 1504 848 quod

146 868 390 919 procurante
423 863 550 902 fratre
589 861 696 914 regis
730 866 829 901 tunc
858 861 1006 901 comite
1036 860 1236 910 Johanne,
1270 860 1322 900 ab
1351 860 1505 915 Anglia

146 931 255 986 regis
273 930 484 972 eliminato
502 927 754 975 cancellario,
775 926 880 967 nihil
907 927 1087 980 pecuniae
1114 927 1158 966 in
1175 927 1369 967 thesauro
1388 928 1501 980 regio

146 1002 376 1053 superesset
408 996 608 1044 relictum,
638 994 703 1034 vel
734 994 966 1046 ubicunque
998 993 1190 1042 locorum,
1226 993 1305 1033 nisi
1339 998 1502 1034 tantum

147 1065 220 1105 vix
255 1062 366 1116 quod
403 1062 446 1102 in
484 1060 661 1102 ecclesiis
699 1059 908 1100 resederat
945 1059 1206 1100 occultatum.
1266 1058 1343 1099 His
1377 1059 1501 1100 etiam

146 1129 366 1183 adjiciebat
385 1127 494 1168 idem
509 1127 630 1180 prior,
653 1126 763 1179 quod
784 1131 1001 1179 postquam
1029 1125 1214 1178 pluribus
1241 1125 1439 1166 molestiis
1459 1131 1502 1166 et

144 1195 307 1249 injuriis
326 1195 492 1249 fugatus
513 1198 575 1234 est
601 1193 643 1232 in
673 1192 968 1232 Normanniam
991 1191 1210 1244 praedictus
1236 1192 1324 1244 ejus
1351 1192 1502 1232 cancel-

143 1261 277 1310 larius,
308 1260 526 1314 presbyter
554 1264 596 1299 et
625 1259 848 1311 episcopus,
880 1263 923 1298 et
960 1258 1089 1298 totius
1122 1258 1238 1312 regni
1268 1258 1498 1310 praefectus,

142 1341 276 1368 comes
303 1326 496 1380 praefatus
525 1325 715 1379 exigebat
742 1324 1007 1377 pertinaciter
1033 1339 1058 1363 a
1086 1324 1202 1377 regni
1221 1324 1438 1364 comitibus
1458 1330 1501 1365 et

142 1392 376 1446 proceribus
390 1393 622 1444 juramenta
636 1390 846 1430 fidelitatis
862 1395 904 1430 et
919 1389 1199 1442 subjectionis,
1213 1395 1255 1429 et
1273 1396 1498 1430 castrorum

142 1457 362 1499 custodias.
438 1456 525 1496 Nec
559 1453 641 1496 non
681 1461 723 1495 et
749 1469 892 1495 manus
922 1455 1166 1496 extenderat
1195 1455 1250 1495 ad
1279 1456 1382 1509 regii
1412 1456 1499 1496 fisci

141 1523 424 1578 praestationes
443 1536 598 1562 annuas
615 1520 879 1574 usurpandae,
899 1535 989 1573 quae
1003 1521 1198 1561 dicuntur
1210 1520 1262 1561 de
1276 1521 1496 1562 Scaccario.

143 1594 166 1613 ‘⁶
179 1589 312 1642 Super
330 1588 394 1628 his
412 1586 576 1641 igitur,''
589 1587 724 1640 inquit
739 1587 861 1640 prior,
883 1591 907 1609 “
921 1586 999 1626 nisi
1019 1587 1218 1626 maturius
1234 1587 1498 1639 captaveritis

142 1654 392 1696 “consilium
421 1653 663 1707 quantocius
694 1652 958 1706 repatriandi,
993 1656 1036 1692 et
1067 1652 1240 1704 injurias
1269 1658 1426 1693 vestras
1454 1654 1497 1693 in

142 1726 167 1744 “
179 1734 252 1761 vos
271 1720 531 1773 insurgentes
551 1718 798 1767 vindicandi,
820 1718 883 1757 his
902 1717 1058 1757 addent
1077 1718 1230 1770 pejora,
1251 1731 1324 1758 nec
1343 1718 1496 1772 absque

141 1790 167 1810 “
179 1786 276 1827 belli
295 1785 530 1826 discrimine
544 1785 733 1837 poteritis
753 1784 925 1824 ulterius
937 1784 1004 1836 jus
1017 1789 1200 1823 vestrum
1221 1784 1495 1838 recuperare.’'

138 1852 270 1906 Super
287 1851 440 1892 auditis
460 1864 534 1891 rex
554 1850 747 1890 nimirum
762 1850 1026 1890 vehementer
1041 1849 1342 1903 obstupescens,
1358 1851 1495 1891 animo

136 1918 294 1959 diutius
314 1917 432 1970 plura
451 1916 619 1957 volvens
648 1923 691 1955 et
720 1929 847 1969 pauca
870 1915 1126 1969 proloquens,
1151 1916 1220 1955 vix
1246 1916 1494 1956 credendum

135 1983 425 2031 arbitrabatur,
465 1982 562 2034 quia
599 1981 706 2021 tanti
744 1981 904 2021 sceleris
947 1981 1071 2021 factio
1113 1980 1235 2021 fidem
1277 1981 1495 2022 videbatur

137 2048 344 2089 excedere.
377 2079 385 2088 .
418 2079 427 2088 .
460 2077 469 2086 .

190 2114 239 2154 In
269 2114 446 2155 crastino
479 2127 551 2154 rex
585 2111 795 2159 Ricardus,
827 2125 962 2151 coram
999 2112 1231 2152 convocatis
1265 2113 1490 2164 majoribus

134 2181 348 2229 exercitus,
369 2193 466 2227 rem,
489 2184 538 2219 ut
554 2178 754 2225 audierat,
775 2178 977 2230 exposuit,
999 2178 1275 2230 interpretans
1295 2178 1490 2230 praedicta

135 2246 260 2286 verba
274 2246 432 2298 prioris,
453 2258 637 2285 asserens
653 2258 694 2284 se
709 2244 760 2283 de
781 2244 1022 2283 necessitate
1043 2250 1231 2296 oportere
1252 2244 1488 2295 repatriare.

189 2328 229 2368 A
260 2328 401 2368 council
429 2341 505 2367 was
532 2326 618 2366 held
644 2330 679 2366 to
706 2326 829 2365 decide
861 2326 960 2365 what
991 2327 1116 2365 action
1148 2326 1279 2365 should
1305 2326 1344 2365 be
1369 2326 1489 2366 taken.

136 2393 235 2445 They
249 2392 400 2433 advised
419 2393 476 2433 the
490 2393 747 2444 appointment
762 2392 807 2443 of
819 2405 844 2431 a
862 2404 942 2431 new
957 2391 1064 2443 Kinq
1083 2391 1128 2443 of
1140 2392 1351 2431 Jerusalem
1370 2392 1491 2443 before
