1708 2684
243 244 294 282 10
495 240 881 281 ITINERARIUM
911 240 1076 281 REGIS
1106 240 1339 281 RICARDI

287 491 520 549 umnam,
569 492 888 559 Arclzbisltop
935 492 1002 560 of
1045 493 1199 558 Tyre,
1238 491 1483 558 preackes
1527 507 1562 540 a

343 571 584 630 Orus-ade,
613 578 760 630 1188,
785 572 893 621 and
914 589 1065 636 many
1089 570 1206 620 talne
1227 570 1306 621 the
1333 570 1494 620 Crass.

244 670 382 710 TALIA
400 671 499 711 dum
517 671 626 724 apud
646 672 903 712 Palaestinam
931 676 1109 725 aguntur
1134 671 1456 724 archiepiscopus
1475 669 1587 723 Tyri,

246 736 339 776 navi
360 750 585 786 conscensa,
609 741 734 777 tantae
755 737 880 778 cladis
900 737 1092 777 nuncium
1111 738 1195 789 jam
1220 736 1272 776 ad
1297 736 1437 776 orbem
1455 733 1587 787 Chris-

334 834 417 865 1188
470 821 474 823 -
541 803 698 843 tianum
717 803 932 852 detulerat,
954 808 996 844 et
1014 807 1132 843 terrae
1152 808 1237 842 tam
1255 801 1422 842 modicae
1440 800 1589 842 vulnus

331 877 425 918 R.S.‚
540 869 660 908 terris
679 869 866 908 omnibus
885 868 1027 908 intulit
1046 867 1262 908 laesionem.
1308 866 1434 908 Fama
1451 879 1589 908 rerum

253 929 310 962 ΡΡ·
331 922 421 961 31-3‚
442 922 496 954 34.
539 935 592 974 ad
622 949 738 976 aures
770 934 999 987 principum
1029 933 1180 986 allapsa
1212 932 1403 982 decurrit,
1434 937 1478 973 et
1503 931 1590 972 uni-

243 999 369 1038 versis
395 999 580 1040 fidelibus
606 1001 886 1041 haereditatem
906 999 1059 1041 Christi
1085 1013 1110 1039 a
1136 999 1326 1053 gentibus
1353 1002 1590 1052 occupatam

242 1065 447 1114 nuncians,
470 1066 665 1118 quosdam
693 1066 872 1106 eoncitat
898 1065 951 1105 ad
978 1065 1176 1118 lacrymas
1202 1063 1302 1104 alios
1326 1062 1512 1104 accendit
1536 1061 1590 1103 ad

241 1129 473 1170 vindictam.

297 1195 458 1236 Primus
490 1196 671 1236 omnium
699 1195 982 1249 magnanimus
1010 1194 1203 1235 Pictaviae
1231 1207 1363 1235 comes
1390 1191 1589 1234 Ricardus

241 1260 294 1300 ob
317 1261 586 1301 ulciscendam
615 1262 743 1302 crucis
770 1261 963 1314 injuriam
993 1274 1109 1301 cruce
1137 1259 1368 1314 insignitur,
1389 1263 1432 1299 et
1449 1271 1589 1299 omnes

242 1325 435 1378 praecedit
471 1327 590 1376 facto,
630 1340 731 1379 quos
769 1326 920 1367 invitat
957 1325 1153 1378 exemplo.
1230 1325 1352 1370 Pater
1389 1323 1479 1377 ejus
1514 1337 1588 1365 rex

242 1391 467 1444 Anglorum
498 1392 698 1432 Henricus
726 1393 810 1445 jam
829 1393 1024 1445 vergebat
1051 1392 1095 1431 in
1124 1391 1309 1440 senium;
1336 1391 1422 1444 ipse
1449 1394 1588 1431 tamen

244 1460 287 1496 et
315 1458 442 1508 patris
473 1458 673 1507 canitiem,
710 1462 751 1498 et
781 1458 896 1511 regni
934 1458 999 1510 jus
1028 1457 1105 1497 sibi
1133 1456 1330 1502 debitum,
1362 1461 1405 1496 et
1431 1454 1591 1496 itineris

242 1523 349 1562 tanti
368 1522 626 1564 difficultates
652 1523 892 1573 dissimulat,
915 1536 988 1562 nec
1007 1522 1101 1562 ullis
1120 1521 1394 1563 occasionibus
1413 1535 1438 1562 a
1455 1525 1589 1575 coepto

241 1587 430 1628 declinat.
488 1589 604 1629 Hanc
624 1589 702 1629 viri
727 1589 997 1629 constantiam
1023 1588 1222 1628 Dominus
1251 1585 1588 1627 remunerandam

242 1652 438 1704 judicans,
460 1666 581 1705 quem
599 1655 777 1706 primum
795 1654 962 1694 aliorem
981 1653 1161 1693 omnium
1181 1653 1430 1692 incentorem
1450 1650 1587 1705 elegit,

243 1730 336 1757 eum
364 1719 519 1758 caeteris
546 1719 796 1772 principibus
816 1719 881 1759 vel
905 1718 1110 1759 defunctis
1129 1718 1195 1758 vel
1217 1717 1408 1771 regressis
1431 1716 1587 1770 negotii

242 1782 315 1822 Sui
334 1789 592 1824 executorem
617 1785 852 1825 reservavit.
912 1783 991 1824 Hic
1016 1784 1112 1824 licet
1137 1796 1268 1824 comes
1294 1795 1452 1823 crucem
1476 1794 1584 1823 acce-

240 1848 315 1901 pit,
353 1849 432 1889 iter
469 1855 606 1890 tamen
643 1850 982 1904 peregrinationis
1015 1853 1108 1902 post
1145 1851 1319 1889 mortem
1352 1847 1480 1900 patris
1512 1859 1586 1888 rex

242 1914 374 1954 factus
393 1915 576 1968 arripuit.

296 1979 396 2019 Post
433 1979 687 2032 aliquantum
719 1986 881 2033 tempus
913 1993 986 2020 rex
1018 1979 1266 2020 Francorum
1298 1978 1511 2031 Philippus
1542 1981 1587 2024 et

240 2059 314 2085 rex
343 2045 499 2098 Angliae
539 2045 738 2085 Henricus
774 2045 885 2097 apud
922 2044 1151 2085 Gizortium
1187 2043 1452 2092 crucizantur,
1483 2055 1584 2096 quos

241 2111 452 2163 utriusque
485 2111 600 2164 regni
631 2111 831 2164 principes
870 2115 913 2151 et
948 2110 1149 2150 innumeri
1186 2114 1271 2149 tam
1308 2107 1584 2149 ecclesiasticas

240 2189 361 2228 quam
389 2175 512 2215 etiam
540 2176 739 2216 saecularis
768 2175 923 2215 militiae
952 2175 1040 2224 viri,
1062 2178 1160 2214 voto
1187 2174 1340 2225 pariter
1368 2178 1411 2213 et
1438 2173 1584 2213 effectu

238 2246 477 2293 sequuntur.
533 2241 583 2280 In
603 2246 764 2281 tantum
783 2254 879 2281 vero
905 2254 1020 2281 novae
1043 2239 1378 2293 peregrinationis
1399 2237 1583 2279 fervebat

235 2306 417 2346 studium
443 2313 490 2346 ut
517 2307 601 2358 jam
626 2320 708 2346 non
735 2310 840 2346 esset
863 2306 1033 2358 quaestio
1059 2305 1149 2357 quis
1168 2317 1327 2345 crucem
1347 2303 1567 2357 susciperet

237 2371 307 2411 sed
326 2371 417 2423 quis
437 2371 616 2412 nondum
637 2371 888 2424 suscepisset.
