1708 2684
286 271 336 309 36
537 267 923 308 ITINERARIUM
954 267 1116 308 REGIS
1145 267 1381 309 RIOARDI

661 474 930 524 Richards
968 475 1220 540 Courage.

283 575 381 613 REX
411 574 650 623 RIGARDUS,
681 580 730 614 ut
757 575 1045 616 conturbatum
1066 574 1171 615 vidit
1199 574 1435 623 exereitum,
1467 579 1512 614 et
1537 588 1630 616 cum

282 640 423 680 Turcis
443 650 716 693 congressum,
738 655 842 693 equo
862 641 1081 681 calcaribus
1100 645 1205 689 acto,
1224 641 1334 682 ocius
1353 640 1534 689 advolat,
1554 654 1629 681 nec

578 707 690 759 prius
718 721 743 746 a
775 720 894 747 cursu
925 707 1182 760 temperavit,
1203 721 1324 759 quam
1343 707 1630 760 pertransisset

294 753 446 838 3¹33,ng
452 775 530 829 ‘270.
579 771 876 824 Hospitalarios
887 772 1078 824 primitus
1089 784 1335 825 congressos,
1350 771 1498 824 quibus
1509 784 1627 824 opem

578 851 670 877 cum
689 837 853 890 sequela
871 851 944 877 sua
963 838 1130 886 laturus,
1146 851 1188 877 se
1200 837 1457 877 fulminansa
1469 836 1628 877 dextris

280 903 498 955 perniciter
518 903 687 956 ingessit
707 903 749 942 in
762 903 988 943 Turcorum
999 903 1184 956 peditum
1204 904 1366 943 turbam
1385 903 1630 956 improbissi-

282 982 400 1016 mam,
421 969 473 1008 ob
493 969 582 1021 ejus
601 969 707 1009 ictus
726 973 769 1008 et
783 982 948 1009 suorum
961 969 1223 1009 vehementer
1242 969 1624 1021 obstupescentium,

280 1047 380 1086 quos
400 1034 650 1087 cogebantur
669 1035 853 1086 experiri.
913 1033 1125 1074 Cadebant
1148 1034 1257 1074 enim
1282 1035 1334 1074 ab
1359 1047 1407 1074 eo
1425 1047 1451 1074 a
1468 1033 1626 1074 dextris

281 1102 323 1137 et
340 1112 365 1138 a
383 1098 571 1139 sinistris.
629 1098 664 1138 Ο
693 1104 795 1151 quot
822 1098 879 1138 ibi
908 1098 1043 1138 subito
1062 1098 1311 1147 viderentur,
1333 1098 1483 1150 passim
1513 1098 1628 1150 equis

280 1164 502 1204 sessoribus
518 1165 734 1213 evacuatis,
749 1164 946 1216 globatim
961 1164 1174 1217 prosterni,
1193 1163 1236 1202 hi
1251 1163 1497 1217 gemebundi
1512 1176 1627 1203 casus

279 1243 442 1282 asperos
479 1230 685 1282 conqueri,
722 1230 782 1269 illi
826 1236 1055 1270 extremum
1093 1230 1301 1269 trahentes
1347 1228 1538 1282 spiritum
1584 1229 1627 1269 in

281 1296 444 1348 proprio
489 1309 630 1336 cruore
677 1296 868 1343 volutari,
907 1295 1195 1349 quamplurimi
1242 1308 1402 1348 quoque
1447 1294 1628 1334 truncati

280 1361 486 1400 exanimes
505 1375 530 1400 a
547 1362 892 1413 praetereuntibus
912 1362 999 1401 sine
1017 1365 1203 1414 respectu
1222 1359 1460 1400 conculcari.

598 1582 771 1632 Turlcs
805 1600 895 1632 are
935 1584 1114 1632 driven
1149 1582 1311 1632 Bac-lc.

278 1690 570 1730 CONSTANTER
607 1690 800 1730 caedendo
847 1690 993 1743 gladiis
1039 1689 1233 1730 malleant
1281 1689 1518 1736 Christiani,
1552 1702 1622 1730 ex-

277 1759 538 1808 pavescentes
580 1756 872 1796 contabescunt
910 1756 1043 1803 Turci‚
1078 1755 1234 1795 diutius
1267 1755 1458 1809 ambigua
1485 1768 1624 1808 pugna

360 1845 456 1877 1191.
548 1822 798 1861 conseritur:
827 1826 992 1861 mutuos
1017 1821 1119 1860 dant
1144 1821 1259 1870 ictus,
1277 1821 1436 1861 vincere
1455 1826 1621 1861 conten-

366 1887 457 1924 R·S-·
547 1886 653 1926 dunt
671 1887 847 1939 utrique,
867 1886 910 1926 hi
929 1886 1133 1926 cruentati
1157 1886 1431 1935 retrocedunt,
1451 1886 1512 1925 illi
1530 1885 1622 1926 caesi

311 1942 367 1974 PP’
389 1930 500 1965 271’2'
548 1954 592 1992 in
610 1957 783 1992 mortem
803 1955 1008 1992 corruunt.
1041 1981 1050 1990 .
1082 1983 1090 1991 .
1123 1983 1131 1991 .

332 2019 490 2058 Eximie
519 2018 683 2071 quidem
710 2018 982 2069 repellebatur
1009 2017 1079 2056 illa
1105 2030 1204 2070 gens
1232 2017 1406 2063 inimica,
1426 2017 1486 2056 ita
1509 2017 1621 2069 quod

277 2085 384 2124 infra
402 2085 484 2124 duo
502 2083 689 2122 milliaria
708 2096 790 2121 non
806 2083 1014 2122 videretur
1034 2082 1111 2121 nisi
1130 2095 1229 2135 gens
1249 2086 1410 2122 tantum
1429 2082 1618 2136 fugitiva,

277 2163 366 2202 quae
403 2150 515 2200 prius
553 2149 768 2188 exstiterat
802 2153 888 2187 tam
926 2148 1128 2200 pertinax,
1162 2153 1204 2187 et
1236 2148 1345 2187 fastu
1376 2147 1544 2196 tumida,
1576 2151 1620 2187 et

276 2215 522 2255 ferocissima
537 2227 545 2253 :
567 2214 638 2253 sed
652 2213 876 2252 auxiliante
892 2214 991 2260 Deo,
1007 2213 1063 2252 sic
1077 2213 1200 2265 periit
1215 2226 1353 2252 eorum
1371 2213 1615 2266 arrogantia,

276 2281 346 2333 qui
380 2294 452 2320 nec
481 2280 604 2319 etiam
632 2285 890 2318 cessaverunt
923 2279 1074 2330 fugere,
1105 2278 1254 2317 nostris
1284 2279 1406 2331 etiam
1432 2292 1456 2317 a
1483 2291 1617 2330 perse-

277 2345 438 2398 quendo
456 2344 727 2384 cessantibus:
757 2344 1003 2396 fugientium
1022 2342 1200 2395 quidem,

650 2438 672 2454 “
688 2437 831 2480 pedibus
846 2438 950 2470 timor
964 2437 1103 2469 addidit
1120 2437 1225 2469 alas.’‘
