1708 2684
414 148 800 193 ITINERARIUM
830 150 996 191 REGIS
1024 149 1263 191 RIGARDI
1462 149 1514 187 59

158 269 182 289 “
193 272 258 309 est
269 273 344 309 aut
354 269 520 311 fortiter
531 271 799 324 triumphare,
812 277 886 312 aut
899 271 1074 325 gloriose
1089 271 1204 312 mori.
1264 268 1514 322 Martyrium

110 379 113 382 ,
157 332 412 376 “imminens
436 328 586 377 ‘animo
621 337 806 390 gratanti
838 343 902 378 est
932 336 1229 390 excipiendum.
1287 334 1368 376 Sed
1404 339 1514 374 ante-

157 401 312 452 “quam
324 401 563 451 moriamur,·
570 402 658 442 vita
669 402 860 452 comite‚*
873 409 1048 443 mortem
1059 408 1243 443 nostram
1255 401 1507 447 ulciscamur,

157 466 348 520 “gratias
372 473 541 521 agentes
569 468 672 522 Deo,
703 469 814 521 quod
840 468 1003 522 qualem
1030 469 1291 522 quaesivimus
1314 480 1387 520 per
1409 479 1513 506 mar-

159 535 182 554 “
199 531 356 585 tyrium
374 539 550 574 mortem
576 548 650 575 nos
675 534 859 575 invenire
888 535 1103 589 contingit.
1161 534 1260 575 Haec
1283 539 1346 574 est
1365 545 1517 572 merces

161 600 185 619 “
199 596 396 648 laborum,
420 605 462 640 et
481 599 573 640 finis
592 601 688 640 vitae
709 600 829 640 simul
850 607 891 641 et
910 600 1182 654 praeliorum.'’

214 686 289 727 The
318 687 439 729 Turks
462 689 652 729 smeeeded
678 691 722 729 in
750 692 916 742 entermq
941 690 1068 742 Joppa
1095 690 1195 742 after
1223 703 1248 730 a
1271 688 1384 741 fierce
1403 687 1513 741 fiqht,

158 751 222 792 but
249 753 344 794 their
368 755 476 794 main
494 755 600 805 force
618 769 694 795 was
721 755 851 796 driven
878 756 979 796 baclo.
1040 755 1215 804 fflchwrd,
1248 755 1419 803 however,
1441 752 1517 805 fell

161 819 208 860 ill
226 819 327 872 afler
339 821 398 861 the
415 822 562 874 victory,
582 822 661 862 and
685 822 851 862 Saladin
875 822 1027 863 warned
1054 823 1133 863 him
1153 822 1232 862 that
1251 821 1295 861 he
1314 834 1391 861 was
1409 820 1518 860 about

161 889 198 926 to
216 886 338 926 attach
355 888 483 939 aqain.
541 888 606 928 He
624 888 737 928 asked
756 889 814 929 the
833 889 981 930 French,
999 893 1039 929 at
1056 889 1229 930 Caesarea
1247 888 1316 940 for
1334 887 1429 940 help,
1454 886 1519 926 but

163 951 246 1003 they
263 952 414 1005 refused
432 954 473 993 it.

207 1074 476 1126 Richard's
512 1076 735 1135 Couneil,
778 1076 896 1127 with
939 1077 1106 1127 Coum}
1147 1077 1343 1142 Henry
1380 1076 1490 1126 and

552 1156 632 1207 the
657 1155 902 1221 Military
930 1157 1138 1207 Orders.

163 1243 373 1295 INTEREA,
387 1260 460 1288 rex
479 1260 600 1299 super
618 1248 854 1300 importuna
868 1248 1047 1301 corporis
1063 1247 1296 1287 valetudine
1308 1246 1520 1295 sollicitus,

164 1310 350 1351 examine
379 1311 583 1352 subtiliori
612 1311 771 1352 libratis
801 1325 938 1352 rerum
965 1311 1158 1360 articulis,
1180 1311 1394 1351 mandavit
1412 1311 1522 1352 exhi-

246 1412 334 1444 1192
437 1377 523 1418 beri
581 1384 801 1431 praesentes
858 1383 1076 1431 cognatum
1131 1391 1251 1417 suum
1298 1377 1521 1418 Henricum

248 1438 344 1493 R,s‚,'
435 1444 635 1492 comitem,
659 1451 701 1484 et
719 1443 967 1496 Tcmplarios
987 1448 1030 1484 et
1046 1443 1355 1496 Hospitalarios,
1373 1443 1522 1496 quibus

200 1509 258 1543 ΡΡ·
276 1499 388 1534 426‘7·
435 1510 622 1563 exposito
641 1509 819 1562 corporis
838 1509 1105 1558 incommodo,
1127 1522 1169 1549 se
1188 1514 1440 1562 protestatus
1459 1513 1523 1549 est

164 1580 333 1630 propter
360 1576 438 1617 loci
466 1575 769 1628 corruptionem
798 1580 841 1615 et
869 1574 1008 1614 minus
1037 1588 1219 1614 securam
1238 1575 1520 1623 munitionem,

165 1641 263 1683 inde
312 1655 592 1691 recessurum3
640 1654 814 1694 quorum
861 1641 984 1681 etiam
1033 1640 1277 1693 quibusdam
1322 1641 1521 1694 injunxit,

167 1708 365 1761 proficisci
395 1708 448 1748 ad
481 1705 778 1747 observandam
808 1706 1063 1755 Ascalonem,
1095 1705 1185 1746 aliis
1218 1711 1356 1747 autem
1389 1712 1437 1746 ut
1465 1707 1523 1746 ibi

166 1773 390 1814 residentes
410 1776 631 1826 praeessent
655 1772 800 1826 Joppae
826 1771 1102 1812 custodiendae
1118 1787 1129 1822 ;
1158 1773 1244 1825 ipse
1263 1786 1361 1813 vero
1388 1786 1522 1813 rever-

168 1843 326 1880 teretur
359 1838 579 1885 Achonem,
618 1844 666 1877 ut
703 1838 879 1891 acceptis
917 1838 1150 1890 potionibus
1187 1844 1409 1887 curaretur,
1450 1852 1524 1880 nec

168 1904 288 1945 aliter
306 1905 394 1944 fieri
414 1918 530 1958 posse
551 1903 724 1945 dicebat.

226 1991 332 2043 They
360 1991 508 2043 refused
538 1997 576 2030 to
609 1991 782 2042 qarrison
810 1990 937 2043 Joppa
968 2003 1010 2030 or
1038 1989 1213 2040 Ascalon,
1245 1991 1327 2031 and
1356 1992 1525 2032 Richard

161 2057 292 2110 failed
309 2061 347 2097 to
365 2058 465 2097 raise
482 2056 601 2105 forces
621 2060 656 2096 to
674 2058 722 2096 do
739 2069 788 2096 so.

483 2171 713 2221 Richard
752 2170 917 2221 makes
955 2189 988 2220 α
1032 2173 1214 2223 Truce.

171 2260 246 2301 SIC
283 2275 357 2301 rex
394 2261 612 2314 perplexus
645 2266 687 2300 et
719 2260 912 2314 ignorans
945 2260 1044 2313 quid
1074 2262 1211 2314 potius
1243 2262 1356 2302 aliud
1393 2264 1523 2312 fieret,

174 2326 386 2367 mandavit
414 2325 649 2380 Saphadino
673 2326 791 2366 fratri
821 2326 1070 2375 Salahadini,
1102 2333 1158 2376 ut,
1190 2328 1278 2380 ipso
1306 2329 1523 2379 mediante,

721 2409 739 2426 ⁴*
750 2409 812 2442 See
827 2410 910 2443 note
927 2410 980 2444 17.
