1708 2684
167 178 1524 201 -,,----..-..-...-..-.---

423 234 812 275 ITINERARIUM
840 233 1006 274 REGIS
1034 231 1272 274 RICARDI
1472 231 1522 269 31

170 349 431 405 sollicitatus,
446 358 584 411 exegit
603 371 628 397 a
646 371 743 411 rege
762 356 944 397 Franciae
963 357 1244 409 juramentum
1255 354 1306 394 de
1326 352 1525 393 fidelitate

171 424 397 472 servanda;
428 423 537 477 quod
564 437 638 464 nec
663 425 706 463 in
733 437 838 472 suos,
860 436 934 463 nec
957 423 1001 462 in
1027 427 1180 462 terram
1200 435 1316 461 suam
1336 420 1465 460 sciens
1486 423 1529 458 et

171 490 352 544 prudens
379 489 650 543 delinqueret,
670 489 770 530 dum
798 503 872 530 rex
899 488 1098 529 Ricardus
1126 488 1170 528 in
1199 486 1527 541 peregrinatione

173 561 463 611 perseveraret.
496 588 505 597 .
539 588 547 598 .
581 586 591 597 .

228 622 360 673 Quam
389 622 567 662 fideliter
596 635 694 663 vero
727 622 822 662 huic
860 622 1024 662 steterit
1056 619 1318 661 conventioni
1351 624 1394 659 et
1423 618 1528 671 jura-

174 695 325 739 mento,
340 688 439 728 satis
453 688 637 728 innotuit
657 688 869 728 universis.
927 687 1079 727 Statim
1099 687 1207 727 enim
1223 691 1271 725 ut
1289 686 1332 725 in
1352 684 1528 738 patriam

174 755 310 805 rediit,
359 755 580 795 commovit
626 761 778 794 terram
821 760 863 794 et
909 753 1174 794 conturbavit
1221 750 1528 792 Normanniam.

176 820 285 871 Quid
323 820 465 874 plural
511 825 677 873 accepta
715 819 881 860 licentia
918 833 992 859 rex
1030 819 1210 858 Franciae
1253 818 1305 857 ab
1348 816 1531 856 exercitu

119 878 122 881 ’
176 887 410 927 Achonensi
430 886 606 935 recessit,
629 887 786 927 cunctis
815 886 851 926 ei
880 899 955 938 pro
982 884 1336 925 benedictionibus
1363 882 1534 922 adversa

176 952 416 1006 optantibus
437 957 479 993 et
498 951 815 993 maledictiones

374 1143 602 1192 Saracen
640 1141 906 1207 Hostages
936 1147 1034 1207 put
1072 1146 1123 1188 to
1161 1138 1350 1188 Deatlc.

182 1249 421 1295 POSTQUAM
457 1262 599 1288 revera
637 1247 824 1288 constitit
861 1247 948 1300 regi
994 1245 1180 1295 Ricardo‚
1214 1248 1421 1284 transacto
1450 1243 1534 1295 jam

183 1315 360 1356 termino
389 1319 432 1356 et
459 1314 578 1363 ultra,
612 1313 722 1366 quod
756 1313 959 1353 obdurato
988 1312 1108 1352 corde
1138 1311 1406 1351 Salahadinus
1434 1308 1537 1348 nihil

483 1380 592 1420 ultra
619 1385 781 1420 curaret
799 1379 851 1419 de
871 1378 1118 1418 redimendis
1138 1378 1346 1418 obsidibus
1359 1393 1370 1427 3
1400 1380 1538 1417 coacto

194 1429 439 1514 3331131'243·
483 1445 651 1487 consilio
664 1446 866 1498 majorum
885 1446 928 1484 in
941 1444 1103 1497 populo,
1125 1443 1334 1484 decretum
1355 1449 1417 1483 est
1436 1441 1538 1482 nihil

483 1512 657 1552 ulterius
685 1512 840 1551 frustra
867 1510 1180 1563 expectandum,
1201 1509 1272 1549 sed
1301 1514 1350 1548 ut
1377 1507 1538 1549 obsides

185 1580 497 1627 decollarentur,
528 1577 746 1618 reservatis
779 1577 938 1628 aliquot
971 1581 1134 1616 tantum
1166 1575 1218 1615 de
1245 1575 1468 1627 majoribus
1497 1578 1540 1613 et

185 1645 465 1692 nobilioribus,
479 1644 511 1684 si
532 1644 640 1684 forte
659 1643 725 1683 vel
745 1643 822 1695 ipsi
843 1641 1152 1689 redimerentur,
1174 1641 1259 1680 sive
1286 1653 1359 1693 pro
1379 1640 1541 1692 quibus-

186 1725 345 1765 cunque
364 1711 454 1751 aliis
473 1709 799 1750 Christianorum
819 1707 991 1760 captivis
1010 1706 1319 1747 commutandis.

413 1899 697 1951 Crusaders
730 1899 958 1949 advanee
993 1905 1044 1947 to
1079 1897 1321 1947 Ascalon.

191 2010 624 2050 ADVESPERASOENTE
655 2007 739 2058 jam
771 2005 850 2054 die,
883 2019 981 2045 voce
1019 2005 1213 2058 praeconis
1251 2004 1542 2045 denunciatum

192 2080 267 2123 est,
287 2073 534 2114 movendum
554 2072 779 2112 exercitum
798 2071 841 2110 in
861 2071 1060 2123 proximo,
1076 2076 1118 2110 et
1130 2071 1279 2110 flumen
1301 2070 1542 2111 Achonense

490 2136 836 2183 transmeandum,
873 2136 915 2175 in
953 2136 1117 2175 nomine
1155 2136 1322 2176 Domini
1360 2137 1542 2176 omnium

203 2186 408 2271 R.Si‚1?›3⁶24
413 2231 443 2261 4.
486 2203 686 2242 bonorum
706 2202 923 2254 largitoris,
945 2205 993 2240 ut
1011 2200 1063 2240 ad
1084 2201 1257 2241 Ascalon
1278 2202 1544 2254 procederent

491 2268 542 2308 ad
556 2267 828 2320 perquirenda
842 2267 1058 2307 maritima.
1117 2267 1251 2320 Igitur
1265 2281 1316 2307 cx
1328 2273 1543 2320 praecepto,

195 2334 388 2375 victualia
406 2347 494 2386 quae
514 2333 654 2374 decem
668 2334 812 2374 (liebus
823 2334 1065 2381 sufficerent,
1081 2334 1251 2373 navibus
1266 2334 1546 2386 imposuerunt

194 2400 392 2440 exercitui
412 2399 681 2452 apportanda,
702 2412 862 2452 panem,
877 2399 1041 2448 scilicet,
1055 2399 1279 2439 biscoctum
1299 2405 1342 2439 et
1360 2400 1547 2448 farinam,
