1708 2684
135 150 1491 174 μβ

391 204 781 249 ITINERARIUM
811 203 978 245 REGIS
1006 202 1246 244 RICARDI
1442 203 1491 242 61

137 332 182 373 in
218 336 369 372 terram
408 343 524 370 suam
547 327 757 369 visendam
786 330 1065 368 reverteretur
1072 340 1083 375 ;
1122 325 1223 364 item
1254 329 1303 364 ut
1327 328 1494 377 gentem

136 396 428 451 multiplicaret
475 401 518 436 et
563 394 791 448 pecuniam,
841 399 884 433 et
930 405 1116 432 reversus
1163 396 1316 431 terram
1361 394 1494 430 totam

219 499 305 531 1192
404 461 434 502 J
435 460 778 502 erosolimitanam
824 463 988 499 erueret
1032 457 1085 497 ab
1131 457 1260 510 ipsius
1297 455 1491 503 dominio,

221 523 315 582 135ss
406 528 441 568 si
478 533 616 568 tamen
649 525 781 567 eidem
819 536 1060 578 quacunque
1098 522 1247 563 fiducia
1283 525 1496 574 reputaret

163 586 374 631 pp.·429-30.
410 592 697 635 resistendum.
749 591 826 632 Cui
856 589 1125 630 salahadinus
1153 588 1206 628 ad
1235 587 1310 628 hoc
1339 586 1497 627 nunciis

139 662 357 704 destinatis
411 658 631 712 respondit,
686 658 788 712 legis
843 670 925 696 suae
985 669 1097 696 sacra
1157 657 1392 694 contestans
1457 657 1500 692 et

142 729 277 769 Deum
313 725 648 778 omnipotentem,
690 721 800 775 quod
848 721 951 761 adeo
998 720 1108 773 regis
1146 718 1314 759 Ricardi
1352 717 1499 757 habuit

141 797 302 848 gratam
328 790 588 846 probitatem,
619 788 1015 842 magnanimitatem,
1052 791 1095 826 et
1124 784 1414 837 praestantiam,
1450 787 1499 822 ut

143 860 196 901 ab
215 873 263 900 eo
283 864 435 899 terram
453 855 597 896 mallet
614 855 657 894 in
676 854 864 907 potentia
885 866 966 893 suae
980 852 1148 892 virtutis
1169 850 1358 898 obtineri,
1375 863 1496 902 quam

144 926 197 967 ab
228 924 309 966 alio
339 935 582 976 quocunque
612 921 857 974 principum,
892 932 1015 972 quem
1048 930 1231 971 unquam
1260 916 1432 964 viderat,
1464 915 1498 954 si

145 998 283 1033 tamen
301 989 446 1030 diebus
466 988 550 1028 suis
569 992 722 1028 terram
741 991 849 1026 esset
868 986 1102 1025 amissurus,

203 1073 279 1114 The
298 1070 508 1114 Grusaders
525 1083 616 1110 were
635 1069 791 1109 allowed
810 1073 845 1108 to
862 1069 949 1109 visit
962 1067 1175 1107 Jerusalem
1187 1066 1231 1105 in
1250 1066 1347 1105 three
1358 1064 1500 1104 datach-

145 1143 274 1189 mevm,
301 1138 423 1178 under
451 1137 509 1177 the
535 1150 618 1176 care
650 1135 695 1188 of
721 1134 934 1188 Saphadin,
959 1133 1038 1173 and
1066 1133 1150 1173 thus
1179 1131 1376 1184 compleled
1406 1130 1502 1170 their

140 1205 368 1258 pilqrimaye
387 1207 422 1243 to
445 1203 503 1242 the
523 1202 625 1254 Holy
643 1202 784 1241 Places.

377 1312 483 1361 The
523 1312 727 1361 Return
767 1308 833 1376 qf
858 1309 938 1360 the
982 1307 1280 1358 Crusaders.

153 1398 462 1439 CONSUMMATA
480 1396 619 1448 populi
633 1395 718 1435 voti
724 1408 774 1433 va
792 1393 1130 1447 peregrinatione,
1148 1405 1273 1432 naves
1293 1392 1499 1431 instruun-

152 1468 223 1504 tur
253 1461 308 1502 ad
343 1459 662 1514 repatriandum,
695 1459 963 1511 secundisque
992 1458 1128 1498 ventis
1157 1458 1258 1498 velis
1291 1458 1501 1510 expositis,

450 1527 599 1580 singuli
619 1525 831 1578 dispositis
851 1539 894 1565 se
913 1525 1149 1565 commisere
1169 1524 1354 1577 navigiis.
1414 1523 1502 1564 Nec

451 1607 594 1641 mora3
621 1592 819 1632 varietate
849 1595 1065 1631 ventorum
1093 1590 1348 1643 disgregatae,
1381 1603 1505 1630 naves

452 1659 495 1697 in
533 1658 693 1697 diversa
740 1657 943 1697 feruntur.
1017 1656 1097 1696 Per
1133 1655 1310 1695 marinos
1347 1659 1504 1695 tractus

153 1727 360 1779 jactantur
393 1724 597 1777 peregrini
631 1723 798 1771 diutius,
834 1735 1007 1774 quorum
1046 1721 1212 1774 quidam
1242 1722 1286 1760 in
1323 1720 1504 1761 diversos

155 1797 299 1843 portus
326 1790 457 1841 ejecti,
485 1794 693 1839 utcunque
722 1792 940 1827 evaserunt
969 1786 1189 1826 incolumes
1205 1801 1216 1835 3
1245 1786 1314 1825 alii
1333 1787 1504 1839 sparsim

155 1855 493 1909 periclitabantur
526 1854 753 1906 naufragio,
781 1853 852 1892 alii
879 1853 922 1892 in
953 1852 1042 1905 ipsa
1069 1852 1333 1905 navigatione
1363 1852 1505 1892 morie-

155 1923 306 1962 bantur
335 1921 377 1960 in
412 1921 525 1969 mari,
558 1920 681 1959 maris
709 1919 947 1958 vastitatem
978 1931 1052 1971 pro
1081 1918 1314 1957 coemeterio
1342 1918 1506 1966 sortiti;

154 1989 224 2029 alii
253 1988 396 2027 morbo
421 1986 635 2027 incurabili
665 1986 861 2038 corrupti,
888 1998 1097 2036 nunquam
1126 1989 1267 2036 postea
1295 1985 1505 2024 convalue-

156 2060 255 2094 runt
274 2053 338 2094 vel
357 2053 399 2092 in
420 2052 567 2105 patria.
625 2051 707 2091 Alii
728 2064 825 2091 vero
845 2051 1031 2102 quamvis
1050 2050 1212 2090 fortiori
1238 2050 1507 2102 perdurantes

154 2119 450 2167 incolumitate,
490 2122 629 2158 tamen
667 2131 718 2157 ex
764 2117 980 2156 amissione
1018 2122 1183 2168 patrum
1229 2122 1272 2156 et
1317 2117 1504 2166 fratrum,

157 2190 376 2240 parentum
396 2189 438 2236 et
457 2184 680 2224 amicorum
700 2183 823 2223 armis
842 2187 1160 2235 peremptorum,
1182 2182 1247 2222 vel
1267 2182 1506 2224 infirmitate

156 2252 455 2299 defunctorum,
478 2250 577 2290 satis
597 2249 787 2289 acerbum
813 2247 1030 2288 credentur
1056 2248 1229 2288 traxisse
1249 2249 1502 2301 martyrium,

159 2330 333 2369 quorum
380 2314 503 2356 corda
548 2314 802 2355 diversarum
848 2314 1082 2366 passionum
1121 2315 1508 2356 transverberabant

159 2382 286 2436 gladii
333 2381 533 2422 dolorum.
611 2380 804 2434 Singulos
849 2381 1000 2432 itaque,
1050 2379 1148 2421 licet
1193 2382 1316 2421 variis
1362 2382 1505 2431 modis,

161 2447 375 2489 fatendum
395 2453 457 2487 est
477 2447 577 2487 satis
597 2447 686 2487 dira
706 2446 919 2500 pertulisse
949 2447 1157 2499 martyria,
1179 2447 1250 2499 qui
1274 2447 1394 2488 corde
1413 2450 1507 2488 sim-

243 1583 340 1615 1192.

171 1626 263 1665 Rs,
282 1637 314 1669 p.
334 1627 411 1658 439.
