1708 2684
383 217 767 259 ITINERARIUM
797 217 963 258 REGIS
990 201 1229 258 RICARDI
1432 219 1480 256 13

320 443 430 494 His
469 442 749 493 Character
782 443 893 492 and
923 443 976 491 A
977 459 1285 508 ppearance.

127 550 247 592 Hmc
276 555 415 591 autem
444 549 576 589 virtus
600 549 801 598 Hectoris,
833 549 1148 603 magnanimitas
1177 554 1266 588 erat
1295 548 1478 597 Achillis,

126 630 200 658 nec
221 615 392 657 inferior
409 615 656 664 Alexandro,
679 628 754 655 nec
774 615 928 655 virtute
955 615 1089 655 minor
1114 615 1325 661 Roland0;
1356 615 1482 655 immo

397 681 527 721 nostri
547 682 741 734 temporis
764 681 1050 721 laudabiliores
1074 680 1191 720 facile
1216 680 1482 720 multifariam

214 738 312 814 {39⁶
396 747 696 787 transcendens.
755 746 898 800 Cujus,
921 747 1036 787 velut
1053 746 1222 787 alterius
1242 746 1340 796 Titi,

167 835 225 868 pp.
244 826 356 859 1434*
717 848 741 864 “
754 847 885 880 Dextra
900 847 1028 890 flpssl'flst
1042 847 1158 890 0P⁰S›”

123 939 168 975 et
209 934 319 987 quod
371 935 415 975 in
461 939 546 974 tam
590 935 747 975 famoso
793 934 925 974 milite
966 948 1181 987 perrarum
1229 948 1316 975 esse
1361 934 1477 983 solet,

124 1000 265 1054 lingua
301 1000 500 1049 Nestoris,
542 999 762 1054 prudentia
800 999 950 1048 Ulixis,
989 1000 1032 1039 in
1076 999 1266 1039 omnibus
1303 1000 1481 1054 negotiis

123 1065 190 1107 vel
240 1065 489 1120 perorandis,
539 1065 604 1106 vel
655 1065 858 1120 gerendis,
907 1065 998 1105 aliis
1050 1066 1198 1106 merito
1249 1065 1479 1106 reddebant

124 1131 468 1172 excellentiorem.

175 1197 278 1238 Erat
313 1197 479 1251 quidem
517 1202 678 1238 statura
714 1211 915 1251 procerus,
949 1197 1148 1251 elegantis
1182 1197 1335 1246 formae,
1370 1197 1479 1237 inter

121 1263 259 1304 rufum
288 1269 331 1304 et
358 1265 510 1304 flavum
539 1263 671 1304 medie
699 1268 927 1316 temperata
952 1264 1123 1312 caesarie,
1147 1264 1340 1304 membris
1365 1264 1477 1304 flexi-

121 1329 271 1370 bilibus
294 1335 337 1370 et
358 1330 534 1379 directis,
558 1330 724 1370 brachia
749 1329 1011 1382 productiora
1039 1330 1187 1382 quibus
1214 1330 1267 1369 ad
1295 1330 1478 1383 gladium

121 1395 375 1436 educendum
404 1395 516 1436 nulla
548 1396 759 1443 habiliora,
792 1395 856 1436 vel
886 1395 939 1435 ad
968 1396 1197 1436 feriendum
1230 1397 1479 1446 efficaciora3

121 1461 386 1502 nihilominus
433 1462 627 1502 tibiarum
674 1462 795 1515 longa
836 1461 994 1510 divisio,
1044 1462 1252 1515 totiusque
1298 1463 1478 1515 corporis

122 1527 388 1581 dispositione
433 1541 622 1582 congrua,
677 1528 829 1580 species
877 1527 1003 1581 digna
1052 1528 1234 1581 imperio,
1284 1527 1348 1568 cui
1395 1543 1476 1569 non

122 1593 327 1634 modicum
364 1593 646 1647 competentiae
683 1606 815 1633 mores
852 1593 1059 1634 addebant
1097 1599 1139 1633 et
1176 1593 1366 1644 habitum
1407 1594 1479 1647 qui

122 1672 205 1699 non
234 1664 397 1698 tantum
424 1672 450 1698 a
475 1659 636 1712 generis
663 1658 877 1712 dignitate,
905 1658 976 1699 sed
996 1659 1198 1699 virtutum
1227 1660 1477 1700 ornamentis

122 1738 322 1765 summam
342 1725 471 1778 possit
489 1725 681 1777 consequi
700 1724 765 1765 vel
784 1724 958 1765 laudem.

318 1943 428 1993 His
462 1943 769 2010 Departure
804 1960 870 1993 on
906 1942 986 1992 the
1026 1942 1268 1993 Crusade.

122 2049 280 2090 IGITUR
307 2050 522 2102 completa,
551 2051 656 2090 sicut
684 2049 924 2103 praedictum
953 2055 1026 2098 est,
1053 2050 1281 2091 festivitate
1314 2064 1478 2092 corona-

121 2115 257 2164 tionis,
278 2115 457 2156 surrexit
485 2128 558 2155 rex
583 2115 782 2156 Ricardus
809 2129 884 2168 pro
912 2121 1029 2168 patre
1058 2129 1142 2164 suo,
1166 2121 1208 2156 et
1237 2121 1477 2170 magnatum

393 2186 511 2221 terrae
531 2181 741 2221 fidelitatis
767 2181 984 2222 securitate
1011 2186 1208 2234 suscepta,
1230 2182 1336 2222 sicut
1354 2183 1479 2223 moris

211 2212 309 2295 lipsi:
395 2252 471 2294 est,
522 2246 565 2286 in
621 2246 783 2300 signum
839 2246 1114 2298 subjectionis,
1162 2247 1333 2301 singulis
1389 2249 1478 2300 ejus

159 2300 351 2342 pp.146-6.
393 2311 684 2365 praeminentiae
722 2312 942 2360 submissis,
973 2325 998 2351 a
1026 2311 1250 2353 Londoniis
1287 2314 1478 2354 recedens

123 2376 431 2431 perambulabat
469 2382 630 2428 terram,
667 2383 710 2418 et
748 2382 841 2431 post
877 2377 1085 2430 profectus
1123 2382 1186 2418 est
1222 2391 1390 2432 peregre
1427 2379 1480 2419 ad
