1708 2684
412 210 800 260 ITINERARIUM
829 218 994 259 REGIS
1023 217 1259 260 RIOARDI
1460 217 1511 254 25

155 340 317 394 generis
335 341 571 382 animalium
591 342 739 394 quibus
758 341 917 395 Cyprus
943 342 1044 382 satis
1063 345 1154 382 erat
1172 338 1397 381 abundans,
1456 338 1511 378 Et

155 407 271 446 eece!
297 400 408 446 fama
425 406 680 461 divulgante,
699 421 840 448 rumor
858 407 1085 448 increbruit
1099 406 1242 447 Achon
1261 406 1304 445 in
1324 405 1511 458 proximo

153 469 242 510 fore
274 471 524 524 capiendam.
592 472 711 522 Quod
740 486 833 513 cum
858 486 933 512 rex
960 472 1152 521 audisset,
1181 471 1266 511 alto
1294 470 1416 511 corde
1445 483 1509 509 su·

154 535 324 588 spirans,
368 541 392 560 “
406 537 447 578 Ν
449 538 565 587 olit,”
602 539 751 591 inquit,
795 543 819 561 “
834 538 959 586 Deus,
992 538 1113 590 quod,
1142 551 1207 577 me
1232 537 1414 583 absente,
1440 535 1509 575 ob-

157 605 180 624 “
195 601 377 643 tineatur
395 603 551 652 Achon,
566 608 685 645 tanto
704 609 888 658 tempore
908 605 1082 653 obsessa,
1096 609 1139 645 et
1150 607 1269 644 tanto
1280 602 1511 657 gloriosius,

159 671 181 690 ‘¹
194 666 284 708 Deo
302 675 522 718 annuente,
544 670 879 723 triumphanda.”

208 781 479 833 Richard’s
507 783 560 832 A
567 782 737 834 rrival
767 783 877 832 and
908 783 1187 848 Reception
1222 788 1277 831 at
1306 782 1358 830 A
1366 798 1462 832 cre.

155 884 255 924 REX
300 884 532 927 RIOARDUS
578 901 671 927 cum
718 887 830 927 omni
877 900 950 926 sua
992 886 1167 939 sequela,
1200 885 1430 939 gaudenter
1468 890 1510 924 et

155 949 344 992 alacriter
363 965 505 992 versus
525 951 681 1002 Aehon,
704 966 785 1005 quo
805 952 964 992 ferebat
989 966 1082 992 eum
1109 966 1228 992 suum
1247 951 1508 1000 desiderium,

233 1052 317 1084 1191
423 1018 678 1071 properabat,
710 1022 753 1058 et
785 1018 992 1070 aspirante
1023 1022 1147 1057 vento
1181 1030 1386 1070 prospero,
1423 1031 1509 1069 pro-

234 1076 331 1135 R„s,;
422 1084 534 1124 xima
564 1088 681 1124 nocte
709 1089 806 1124 ante
834 1083 991 1136 Tyrum
1027 1084 1119 1123 fixis
1155 1083 1343 1123 anchoris
1373 1082 1510 1123 classis

178 1147 238 1183 PP·
257 1140 391 1172 210-11.
426 1150 682 1203 persistebat.
760 1149 883 1190 Mane
939 1149 1078 1190 classis
1123 1149 1271 1196 soluta,
1320 1154 1363 1188 et
1410 1148 1510 1189 velis

154 1215 334 1266 elevatis,
356 1230 450 1257 cum
469 1230 553 1256 non
571 1216 749 1256 multum
777 1229 991 1269 progressa
1010 1215 1168 1263 fuisset,
1188 1215 1379 1268 apparuit
1398 1214 1510 1254 locus

154 1282 235 1332 ille,
257 1282 308 1323 de
327 1296 410 1335 quo
437 1282 678 1335 praedictum
704 1287 776 1331 est,
800 1281 1068 1322 Scandalion:
1098 1281 1246 1322 deinde
1272 1281 1511 1321 transmisso

156 1347 313 1389 Casello
341 1348 543 1397 Ymberti,
578 1349 736 1388 eminus
768 1348 959 1401 apparuit
991 1347 1171 1388 civitatis
1201 1347 1347 1388 Achon
1385 1346 1510 1387 turris

156 1414 324 1464 excelsa,
367 1419 410 1454 et
447 1415 504 1455 sic
549 1415 748 1468 paulatim
792 1418 939 1454 caetera
975 1414 1154 1454 civitatis
1191 1413 1507 1467 propugnacula.

158 1480 303 1521 Achon
331 1479 644 1533 circumquaque
673 1479 883 1520 obsidione
912 1480 1102 1533 cingebat
1133 1479 1308 1532 populus
1340 1479 1510 1519 infinitae

156 1545 445 1594 multitudinis,
467 1545 641 1598 populus
662 1559 713 1585 ex
739 1545 850 1585 omni
876 1545 1040 1585 natione
1061 1544 1397 1592 Christianorum,
1419 1558 1509 1597 quae

157 1611 234 1651 sub
253 1611 354 1652 coelo
380 1617 456 1659 est,
484 1612 659 1665 populus
688 1625 740 1651 ex
769 1611 958 1651 omnibus
984 1610 1229 1652 Christianis
1257 1610 1508 1664 praeelectus,

156 1677 274 1718 bellis
311 1678 447 1730 aptior
493 1683 535 1717 et
581 1677 766 1717 laborum
813 1676 1055 1717 assiduitati.
1134 1676 1278 1716 Achon
1317 1676 1509 1716 nimirum

158 1742 374 1784 obsederat
411 1743 585 1796 populus
631 1743 716 1795 jam
763 1743 885 1796 longo
924 1747 1117 1795 tempore,
1159 1742 1300 1782 multis
1337 1743 1509 1782 afflictus

156 1809 503 1858 tribulationibus,
550 1809 756 1850 laboribus
802 1808 984 1858 assiduis,
1025 1812 1068 1849 et
1105 1808 1224 1848 famis
1269 1808 1418 1857 inedia,
1468 1814 1511 1849 et

155 1875 342 1928 pluribus
360 1875 657 1916 adversitatum
676 1875 902 1928 generibus,
920 1875 1041 1927 juxta
1053 1874 1163 1927 quod
1175 1874 1218 1914 in
1233 1875 1509 1927 superioribus

155 1941 199 1981 in
230 1945 345 1994 parte
368 1940 651 1995 distinguitur.
708 1941 916 1993 Apparuit
943 1944 1149 1994 praeterea,
1177 1954 1202 1980 a
1229 1945 1346 1993 parte
1369 1954 1509 1980 eorum

157 2007 351 2048 exteriori
378 2007 602 2047 Turcorum
631 2007 843 2055 exercitus,
873 2020 1046 2059 quorum
1075 2020 1157 2046 non
1186 2011 1273 2046 erat
1301 2019 1509 2056 numerus,

158 2073 393 2126 cooperiens
419 2077 579 2113 montes
605 2079 647 2113 et
667 2071 803 2120 valles,
832 2072 954 2113 colles
980 2077 1022 2112 et
1050 2085 1285 2125 camporum
1304 2072 1507 2125 planities,

158 2139 250 2179 fixis
268 2139 418 2192 passim
437 2152 576 2179 eorum
596 2139 785 2179 tentoriis
804 2138 1057 2179 diversorum
1077 2138 1328 2178 schematum
1347 2137 1507 2178 radian-

159 2205 270 2246 tibus
307 2204 523 2245 coloribus.
581 2204 736 2244 Vident
774 2218 935 2257 quoque
972 2204 1197 2257 papiliones
1234 2204 1362 2256 ipsius
1400 2203 1509 2244 Sala-

160 2270 313 2317 hadini,
326 2274 370 2311 et
383 2270 562 2310 tentoria
576 2270 714 2310 fratris
729 2270 856 2323 ipsius
872 2269 1160 2323 Saphahadini,
1179 2275 1221 2310 et
1233 2270 1507 2322 procuratoris

158 2337 391 2392 Paganismi
411 2337 728 2378 Teehehedini.*
785 2336 876 2389 Ipse
897 2336 1021 2376 etiam
1040 2335 1283 2377 observabat
1301 2335 1506 2376 maritima

697 2414 716 2434 ⁸¹
740 2413 801 2446 See
817 2414 898 2445 note
916 2414 968 2445 13.
