1708 2684
243 229 293 265 22
494 226 879 267 ITINERARIUM
907 226 1071 267 REGIS
1100 225 1335 267 RICARDI

242 348 369 401 igitur
387 352 540 389 erectas
559 349 686 388 statui
704 349 801 389 fecit
819 349 940 402 juxta
954 348 1101 388 turrim
1116 347 1388 396 Maledictam,
1410 345 1589 399 aliasque

243 414 447 454 machinas
491 414 708 467 praeparari
755 415 882 454 muris
928 413 1255 467 conquassandis.
1331 412 1439 453 Nam
1474 413 1589 462 necyn

243 480 390 520 turrim
409 480 519 520 illam
538 481 823 534 hospitabatur
841 494 914 520 rex
933 480 1124 520 Franciae.

298 719 405 769 lee
427 720 735 770 Adventare
757 720 812 769 in
839 719 1042 786 Cyprus
1056 741 1071 768 .·
1114 719 1220 769 The
1243 716 1549 785 Shipwrcclc.

246 825 423 866 V1G1L1A
441 839 537 866 vero
558 825 696 866 Sancti
717 825 845 866 Marci
865 825 1147 879 Evangelistae,
1167 825 1365 878 paulatim
1383 828 1478 865 ante
1497 822 1593 864 solis

336 924 432 956 1191.
517 905 713 939 occasum,
750 891 895 932 coelum
928 892 1088 932 obtexit
1121 892 1249 932 nubes
1278 896 1369 931 atra
1396 889 1568 944 caligine
1581 904 1594 940 ;

335 967 430 1007 R.S.,
517 962 558 997 et
595 960 708 998 ecce!
742 957 909 1010 spiritus
943 957 1220 1010 procellarum,
1260 962 1303 997 et
1339 960 1488 997 ventus
1524 969 1592 996 ve-

285 1020 340 1053 PP·
364 1012 476 1044 184-5.
517 1023 695 1071 hemens,
716 1023 838 1062 maris
857 1022 987 1063 undas
1002 1023 1186 1063 turbatas
1202 1022 1452 1071 subvertens,
1473 1021 1594 1062 irruit

248 1089 473 1129 contrarius
517 1087 814 1142 navigantibus.
886 1088 1065 1128 Navium
1097 1093 1235 1128 autem
1272 1088 1380 1141 regis
1417 1085 1592 1136 Ricardi,

248 1159 344 1194 ante
377 1155 466 1207 ejus
495 1154 718 1194 adventum
755 1153 1031 1206 inaequalitate
1064 1160 1280 1194 ventorum
1308 1152 1594 1206 dispersarum,

250 1219 434 1271 quaedam
463 1220 562 1260 dum
594 1224 745 1260 terram
775 1219 902 1272 Cypri
933 1220 1162 1259 niterentur
1191 1217 1504 1272 apprehendere,
1533 1231 1594 1259 re-

251 1286 527 1338 pugnantibus
566 1285 686 1326 undis
722 1285 965 1338 procellosis,
1001 1289 1204 1336 ventoque
1237 1283 1460 1336 rejiciente,
1493 1283 1596 1324 fere-

250 1351 400 1390 bantur
419 1351 461 1389 in
480 1355 630 1391 cautes.
670 1351 805 1391 Vento
825 1355 963 1390 autem
977 1349 1258 1390 vehementius
1276 1348 1478 1402 grassanti
1497 1348 1598 1389 totis

252 1416 417 1464 viribus,
448 1429 538 1456 cum
575 1417 762 1456 resistere
797 1421 930 1455 nautae
961 1419 1182 1463 tentarent,
1214 1420 1298 1454 tres
1330 1414 1438 1468 regis
1474 1426 1598 1455 naves

252 1495 333 1521 non
359 1481 499 1534 procul
518 1495 542 1521 a
561 1486 670 1522 terra
695 1481 884 1521 fluctibus
910 1480 1159 1521 irruentibus
1184 1484 1461 1532 conquassatae
1487 1483 1597 1532 sunt,

252 1551 294 1586 et
331 1546 496 1598 quidam
535 1560 674 1586 eorum
711 1547 782 1599 qui
818 1546 980 1586 inerant
1017 1551 1114 1585 sunt
1150 1544 1358 1584 submersi.
1424 1543 1600 1594 Quidam

251 1617 389 1652 autem
417 1618 759 1652 armamentorum
796 1612 962 1652 navium
1000 1610 1176 1651 fortuitu
1212 1614 1490 1663 correptorum
1516 1609 1598 1650 suf-

253 1678 404 1731 fragiis,
445 1691 526 1717 non
564 1678 650 1718 sinc
688 1678 865 1717 maxima
911 1677 1095 1717 laborum
1132 1675 1361 1723 vexatione,
1399 1675 1601 1715 undarum

253 1742 458 1794 obsequio,
491 1743 616 1783 immo
646 1742 878 1796 procellosis
910 1741 1211 1794 jactationibus,
1242 1740 1413 1793 pecunia
1441 1739 1600 1788 amissa,

254 1807 355 1847 nudi
373 1807 499 1847 delati
524 1812 622 1848 sunt
645 1808 688 1847 in
714 1811 876 1848 terram.
935 1806 1032 1846 Illos
1057 1811 1195 1846 autem
1216 1806 1286 1858 qui
1311 1805 1363 1846 de
1391 1805 1603 1859 naufragio

255 1877 472 1912 evaserunt
516 1873 568 1913 ad
615 1878 776 1921 terram,
821 1872 898 1912 sub
943 1876 1148 1925 praetextu
1194 1871 1304 1924 pacis
1349 1870 1604 1911 admiserunt

255 1938 479 1991 gaudentes
506 1938 718 1992 indigenae,
749 1944 791 1978 et
826 1943 1020 1990 tanquam
1050 1937 1343 1989 compatientes
1374 1949 1514 1976 60111111
1542 1935 1604 1976 in-

256 2004 448 2051 fortunio,
483 2003 745 2043 deduxerunt
770 2004 813 2043 in
843 2002 1049 2056 quoddam
1078 2002 1290 2042 castellum
1323 2001 1502 2042 vicinum
1542 2010 1602 2042 re*

256 2069 459 2109 ficiendos.
499 2069 769 2122 Quoscunque
784 2082 881 2109 vero
895 2068 1145 2121 applicantes
1159 2067 1392 2115 incolumes,
1409 2066 1604 2119 spoliatos

257 2135 443 2175 omnibus
471 2135 605 2182 armis,
626 2134 813 2174 similiter
838 2135 1144 2174 intromiserunt
1170 2133 1213 2172 in
1236 2132 1473 2181 custodiam,
1495 2146 1544 2174 60
1562 2145 1605 2172 se

258 2201 411 2240 intuitu
445 2200 487 2239 id
521 2201 651 2240 facere
689 2200 924 2253 allegantes,
965 2213 1015 2239 ne
1048 2198 1250 2248 videlicet,
1291 2198 1324 2238 si
1361 2198 1508 2237 armati
1543 2198 1604 2237 in-

258 2266 456 2313 cederent,
479 2266 716 2305 viderentur
743 2269 895 2304 terram
924 2264 1186 2317 exploraturi,
1208 2263 1273 2303 vel
1302 2263 1425 2303 etiam
1451 2276 1604 2317 expug-

257 2331 404 2371 naturi.
462 2330 711 2370 Asserebant
737 2330 887 2383 quippe
915 2343 957 2370 se
987 2329 1189 2369 Griffones
1218 2328 1338 2368 aliter
1365 2328 1497 2368 facere
1524 2341 1606 2368 non

260 2396 421 2444 audere,
462 2395 590 2435 donec
627 2395 881 2435 voluntatem
927 2394 1183 2447 imperatoris
1229 2393 1292 2432 sui
1338 2392 1604 2433 consulerent.
