1708 2684
391 193 780 261 ITINERARIUM
809 220 975 261 REGIS
1004 220 1242 262 RIOARDI
1445 223 1494 261 15

230 428 472 495 Meeting
505 427 562 492 of
593 428 673 479 the
715 430 841 479 Two
878 430 1059 496 Kings
1093 437 1148 480 at
1192 431 1246 478 V
1238 430 1403 481 e'zelaz‘.

140 538 206 579 ΙΒῙ
238 539 321 580 duo
349 547 465 594 re'ges
493 541 730 593 percutiunt
763 540 896 581 foedus
926 540 978 581 de
1013 547 1157 582 mutua
1190 543 1420 591 securitate,
1451 547 1494 582 et

138 605 219 646 fide
237 605 315 646 sibi
332 605 508 646 invicem
527 606 744 660 utrobique
759 607 1046 657 conservanda,
1064 612 1106 648 et
1125 607 1176 648 de
1195 608 1382 649 omnibus
1400 609 1415 661 j
1421 622 1492 649 ure

438 673 534 714 belli
577 674 860 727 perquirendis
914 687 1029 727 aequa
1084 680 1193 716 sorte
1235 675 1491 716 dividendis:

437 743 634 791 praeterea
658 745 707 780 ut
735 739 805 792 qui
834 740 990 793 primus
1015 741 1174 781 venerit
1201 741 1254 781 ad
1282 741 1491 781 civitatem

438 805 680 854 Messanam,
720 805 881 859 Apuliae
927 806 1147 855 civitatem,
1191 806 1360 847 alterius
1397 807 1490 847 sub-

139 870 318 911 secuturi
337 871 541 924 patienter
559 871 865 925 praestolaretur
883 872 1122 914 adventum.

229 727 325 760 1190.

151 769 243 811 Rs„
262 780 296 814 p.
317 771 390 805 150.

140 1093 374 1145 Richard
394 1094 513 1145 sails
527 1094 668 1158 from
692 1095 984 1146 Marseilles
1003 1102 1053 1146 to
1072 1097 1322 1155 Messina,
1345 1103 1493 1147 1191.

137 1206 308 1248 POSTEA
325 1221 437 1248 mare
455 1208 710 1258 intravimus,
732 1214 774 1249 et
793 1209 1056 1250 transivimus
1076 1210 1185 1250 inter
1203 1210 1304 1250 duas
1323 1210 1489 1260 insulas,

139 1286 311 1327 quarum
339 1274 478 1323 altera,
510 1273 701 1315 videlicet
729 1274 927 1323 Sardinia,
959 1275 1040 1314 fuit
1070 1289 1095 1315 a
1125 1275 1294 1325 dextris,
1331 1276 1492 1317 Corsica

227 1371 325 1403 1190.
409 1353 506 1380 vero
533 1354 559 1380 a
583 1340 767 1380 sinistris.
828 1339 891 1380 Ibi
914 1340 1080 1393 quidem
1106 1345 1169 1381 est
1193 1355 1341 1395 magna
1368 1342 1491 1382 maris

226 1414 323 1454 Rs„
406 1405 623 1446 districtio.
698 1406 858 1447 Deinde
906 1406 1188 1460 navigavimus
1234 1408 1343 1448 inter
1387 1407 1491 1449 duos

138 1468 196 1502 PP·
212 1460 376 1500 153,154.
410 1464 569 1513 montes
595 1485 752 1525 semper
776 1471 978 1522 ardentes,
1001 1486 1174 1525 quorum
1197 1486 1302 1514 unus
1322 1479 1492 1515 vocatur

137 1537 357 1588 Vulcanus,
382 1544 424 1579 et
449 1538 553 1578 alter
576 1538 768 1592 Strango.
825 1537 926 1578 Inde
947 1539 1209 1580 transivimus
1228 1553 1301 1593 per
1320 1540 1491 1581 fluvium

136 1603 287 1645 Farum
301 1604 422 1645 nimis
436 1604 715 1658 periculosum.
757 1604 905 1644 Postea
918 1605 1177 1657 pervenimus
1191 1605 1244 1646 ad
1259 1605 1490 1647 Messanam

136 1671 357 1720 civitatem,
378 1671 449 1711 ubi
467 1670 604 1711 classis
623 1676 712 1710 erat
730 1670 837 1724 regis
856 1670 1031 1711 Ricardi.

191 1735 341 1778 Classis
357 1736 522 1790 quidem
536 1749 705 1776 numero
720 1735 915 1785 miranda,
933 1743 975 1777 et
988 1742 1207 1790 apparatus
1221 1738 1490 1779 instructione

137 1802 318 1856 plenarie
354 1803 608 1856 praemunita,
641 1803 706 1842 cui
740 1802 882 1842 similis
919 1816 1128 1856 nunquam
1161 1803 1218 1843 ibi
1248 1804 1336 1844 visa
1364 1804 1490 1847 fuisse

138 1868 359 1917 ferebatur,
391 1873 520 1917 tanta,
551 1873 668 1908 tanto
697 1881 818 1920 opere
846 1868 1083 1908 instaurata.
1141 1869 1266 1909 Plura
1293 1874 1490 1922 praeterea

137 1947 288 1988 genera
319 1934 531 1975 hominum
564 1934 748 1987 ejusdem
781 1933 918 1975 classis
950 1934 1090 1975 tutelae
1123 1936 1338 1990 assignata,
1369 1937 1490 1990 juxta

138 2000 261 2041 maris
297 1999 440 2041 littora
479 2000 817 2041 commorantium
848 2001 891 2039 in
923 2001 1198 2054 papilionibus
1231 2007 1274 2042 et
1301 2003 1489 2044 tentoriis

137 2065 392 2107 diversorum
431 2066 705 2108 schematum:
749 2065 928 2106 civitatis
963 2067 1070 2107 enim
1103 2067 1301 2108 cavebant
1331 2068 1489 2109 habita-

138 2131 304 2181 tionem,
338 2136 506 2184 propter
541 2131 692 2171 civium
725 2130 943 2184 impiorum
977 2131 1249 2182 insolentiam,
1281 2146 1409 2186 usque
1436 2135 1490 2175 ad

136 2209 280 2250 regum
298 2195 534 2237 adventum.
