1708 2684
405 226 796 267 ITINERARIUM
824 225 990 267 REGIS
1019 225 1256 268 RICARDI
1457 228 1505 267 21

150 361 322 402 quarum
362 349 454 398 una,
500 347 599 388 dum
646 348 767 388 nimis
815 353 967 388 temere
1014 348 1219 402 fugientes
1266 348 1507 400 insequitur,

150 411 326 466 scopulis
344 413 496 454 offensa
514 411 676 465 deperit
695 419 738 453 et
756 412 988 465 dissipatur.

206 476 436 518 Marchisus
458 482 597 517 autem
616 477 703 517 voti
733 490 898 530 compos
919 491 1012 518 eum
1034 477 1209 531 conjuge
1238 490 1311 517 sua
1339 481 1383 517 et
1411 477 1506 526 suis,

150 542 292 583 statim
320 542 477 597 Tyrum
509 543 754 584 festinanter
786 557 994 597 regressus
1025 548 1098 593 est,
1133 557 1206 597 per
1239 557 1362 596 quem
1389 543 1510 596 juxta

150 608 427 650 conditionem
455 622 497 650 se
526 609 745 663 sperabant
778 609 958 650 universi
984 609 1225 650 victualium
1256 609 1509 650 exhibitione

150 673 423 716 laetificandos.
482 674 564 716 Sed
602 675 765 725 frustra,
806 689 900 715 nam
938 676 1156 728 praeteritae
1194 676 1395 729 pactionis
1433 676 1507 715 im-

149 753 315 790 memor,
349 741 415 782 vel
448 741 715 782 concessionis
748 741 945 795 ingratam,
982 741 1179 782 exercitui
1211 741 1318 782 fame
1349 741 1507 795 pericli-

149 807 257 847 tanti
276 821 359 848 non
377 807 601 848 destinavit
620 807 686 848 vel
699 821 834 848 ovum.
893 807 1036 857 Immo,
1058 808 1249 861 perjurus
1269 813 1312 849 et
1330 807 1509 848 mendax

149 885 198 914 eo
225 872 410 914 volentes
436 873 630 927 navigare
658 886 751 913 cum
777 874 906 914 victui
935 875 1169 915 necessariis
1198 888 1280 915 non
1309 874 1505 927 permisit.

150 937 291 980 Crevit,
325 939 466 992 itaque
503 939 613 980 ultra
652 939 819 980 modum
857 941 985 981 fames
1024 941 1067 980 in
1106 941 1325 990 obsidione,
1363 953 1507 993 parum

149 1004 215 1046 vel
251 1005 355 1045 nihil
391 1005 678 1046 inveniebatur
715 1006 944 1055 emendum,
994 1007 1096 1046 nihil
1144 1007 1268 1047 classe
1316 1005 1508 1046 veniebat

148 1069 376 1112 advectum.

543 1126 640 1160 Tunc
657 1126 869 1159 Marohisum
885 1126 1117 1165 detestantur,

590 1170 778 1203 Subtracto
794 1170 970 1210 solamine,

546 1215 607 1247 Per
623 1225 726 1258 quem
742 1215 827 1247 escis
843 1214 1094 1248 defraudantur

589 1259 631 1292 In
648 1259 748 1292 famis
764 1258 973 1293 discrimine.

172 1442 331 1492 News
354 1441 412 1506 of
434 1442 647 1509 Philip's
671 1443 929 1510 Landing
950 1450 1006 1493 at
1029 1445 1173 1494 Aere
1196 1444 1239 1493 is
1262 1443 1483 1509 brought

662 1529 714 1572 to
747 1523 991 1573 Riclcard.

149 1623 292 1664 NAVIS
311 1624 424 1678 regia
442 1625 637 1666 continuo
651 1638 771 1666 cursu
790 1625 922 1678 prima
942 1639 1101 1678 semper
1119 1630 1218 1666 erat.
1268 1625 1359 1667 Rex
1378 1627 1508 1680 igitur

147 1703 240 1730 cum
259 1694 445 1730 serenato
464 1705 556 1731 aere
576 1691 712 1732 oculos
739 1691 1002 1740 sublevasset,
1025 1692 1183 1732 eminus
1202 1693 1415 1745 prospexit
1435 1707 1508 1745 per

466 1757 633 1797 tremuli
671 1757 794 1797 maris
832 1757 1046 1810 planitiem
1080 1757 1243 1798 obviam
1274 1758 1506 1798 venientem

159 1851 190 1884 R
204 1808 389 1895 81131181
465 1836 610 1862 navem
639 1823 943 1875 permaximam,
970 1836 1093 1876 quam
1122 1823 1275 1863 Buzam
1304 1822 1461 1870 dicunt,
1483 1837 1508 1863 a

193 1875 201 1884 ’
230 1876 253 1892 ”
300 1875 306 1884 ’
394 1877 402 1885 ’
464 1893 575 1928 terra
611 1888 946 1929 Jerosolimitana
983 1902 1220 1943 regressam.
1279 1889 1506 1929 Rumorum

147 1953 287 2006 itaque
313 1954 458 1994 avidus
477 1955 588 1995 ocius
614 1954 850 2004 destinavit,
872 1955 943 2007 qui
969 1955 1021 1994 ab
1047 1954 1200 1995 eisdem
1226 1955 1297 2007 qui
1323 1955 1383 1994 illi
1410 1955 1506 1995 navi

146 2018 320 2067 inerant,
359 2033 481 2073 super
518 2025 631 2060 statu
678 2020 903 2061 obsidionis
950 2021 1203 2061 Aehonensis
1250 2022 1508 2073 inquirerent

147 2085 447 2126 certitudinem.
506 2086 824 2139 Responderunt
842 2086 1040 2139 inquisiti,
1061 2086 1146 2138 jam
1165 2100 1304 2140 regem
1323 2086 1503 2127 Franciae

146 2150 391 2191 incolumem
416 2152 468 2192 ad
495 2152 748 2192 obsidionem
771 2152 942 2201 venisse,
965 2158 1007 2192 et
1034 2152 1282 2193 fabricandis
1306 2152 1504 2192 machinis

148 2215 369 2271 diligenter
405 2231 570 2272 operam
608 2218 853 2271 impendere,
895 2232 1106 2271 quousque
1145 2232 1194 2259 eo
1233 2219 1394 2258 veniret
1431 2232 1505 2258 rex

147 2281 323 2336 Angliae.
378 2283 558 2325 Sabbato
584 2284 749 2338 quidem
778 2285 983 2326 Paschalis
1012 2285 1276 2326 hebdomadae
1304 2285 1501 2337 applicuit

147 2361 221 2388 rex
253 2348 432 2390 Franciae
465 2350 508 2390 in
538 2354 703 2403 portum
730 2350 885 2399 Achon,
919 2356 961 2391 et
994 2356 1084 2391 tota
1120 2351 1349 2391 intentione
1387 2364 1503 2391 occu-

147 2414 292 2466 pandae
311 2414 470 2456 civitati
495 2429 659 2469 operam
685 2416 875 2457 adhibuit
901 2422 942 2458 et
968 2417 1236 2471 diligentiam.
1295 2416 1501 2457 Petrarias
