1708 2684
303 225 355 262 54
557 224 942 265 ITINERARIUM
971 224 1136 264 REGIS
1165 223 1398 264 RICARDI

432 397 593 462 Gries
629 398 687 463 of
727 399 1010 449 Crusaders
1046 405 1101 448 at
1138 399 1354 448 Retreat
1380 397 1533 463 fromss

826 477 1128 527 Jerusalem.

304 565 432 606 TUNG
451 566 715 607 nihilominus
734 568 935 621 repetitur
954 567 1118 619 querela
1136 572 1178 608 et
1203 567 1389 620 planctus
1416 566 1460 606 in
1484 563 1647 618 populo,

304 631 413 682 quod
434 645 514 671 non
523 639 582 672 ‘ut
608 634 805 685 optabant
830 633 1092 685 expediretur
1116 646 1352 686 progressus
1380 632 1434 672 ad
1461 630 1650 672 obsiden-

386 720 482 753 1192.
601 699 696 738 dam
714 699 954 747 Jerusalem,
975 699 1247 739 renitentibus
1275 698 1355 739 illis
1383 698 1545 752 viginti,
1563 697 1645 750 qui,

341 764 528 851 ppffissffa.
600 765 706 804 ⁸³⁰1&
739 764 980 817 Praedissssum
1017 769 1089 813 ⁶⁸2
1126 777 1247 817 super
1280 763 1355 804 1100
1391 763 1480 816 ipso
1516 762 1650 803 decer-

602 829 736 870 nendo
763 831 1016 882 juraverant,
1036 834 1079 870 et
1106 829 1442 870 ratiocinantibus
1470 827 1581 881 quod
1605 827 1650 869 id

304 895 412 936 foret
439 897 724 950 gravissimum
752 896 850 945 fieri,
873 895 938 936 vel
966 895 1228 948 impossibile,
1257 901 1425 948 propter
1451 907 1649 948 aquarum

303 962 527 1013 penuriam,
548 962 695 1014 quibus
711 961 894 1001 homines
923 966 967 1001 et
993 962 1178 1014 jumenta
1197 973 1332 1001 carere
1352 973 1434 1000 non
1453 964 1619 1013 possent
1634 973 1647 1010 3

303 1029 528 1079 praesertim
548 1032 646 1067 tune
666 1028 846 1067 instante
861 1027 1087 1067 festivitate
1108 1026 1247 1067 Sancti
1258 1025 1286 1065 J
1289 1026 1471 1075 ohannis,
1485 1023 1648 1078 quando

302 1094 438 1133 omnia
475 1093 718 1133 naturaliter
754 1097 952 1141 arescunt,
994 1092 1126 1132 aetatis
1163 1091 1435 1132 invalescente
1472 1091 1643 1140 fervore,

304 1160 480 1200 maxime
513 1160 619 1199 circa
650 1158 890 1207 Jerusalem,
923 1172 1012 1211 quae
1045 1158 1089 1197 in
1114 1158 1319 1197 montanis
1348 1156 1428 1197 sita.
1459 1161 1535 1198 est.
1590 1156 1646 1197 Et

303 1231 498 1278 praeterea
525 1224 647 1264 Turci
676 1225 968 1264 obturaverant
997 1224 1206 1263 universas
1233 1224 1430 1264 cisternas
1457 1235 1509 1262 ex
1537 1221 1648 1263 omni

304 1297 421 1344 parte
440 1291 631 1339 civitatis,
654 1295 702 1329 ut
721 1290 828 1329 infra
847 1290 929 1330 duo
955 1289 1144 1329 milliaria
1169 1303 1251 1329 non
1270 1289 1524 1329 inveniretur
1542 1301 1649 1342 aqua

302 1356 507 1410 potabilis,
538 1356 646 1396 unde
675 1356 795 1395 nimis
823 1356 1130 1408 angustiaretur
1158 1355 1370 1395 exercitus
1428 1353 1515 1395 Nec
1537 1355 1646 1396 enim

303 1423 355 1462 ab
392 1422 582 1462 inchoata
616 1420 825 1461 obsidione
858 1421 1054 1460 remotius
1092 1434 1217 1473 aquas
1252 1420 1467 1473 quaeritare
1507 1424 1646 1461 tutum

303 1488 471 1535 fuisset;
500 1487 692 1527 minimus
712 1486 877 1539 quidem
896 1500 1010 1538 aquae
1030 1487 1197 1534 rivulus,
1219 1486 1272 1526 ad
1296 1486 1471 1526 radicem
1491 1485 1648 1526 Montis

305 1554 459 1594 Oliveti
488 1553 717 1601 decurrens,
741 1556 856 1592 tanto
885 1565 966 1592 non
996 1552 1195 1592 sufficeret
1223 1552 1420 1592 exercitui
1433 1566 1445 1602 ;
1473 1551 1558 1592 haec
1585 1556 1650 1592 est

306 1633 412 1671 aqua
427 1618 559 1659 Siloae.
604 1618 680 1658 His
694 1617 745 1657 de
760 1617 890 1657 causis
906 1622 1003 1657 tunc
1016 1617 1211 1669 temporis
1223 1617 1408 1658 obsidere
1419 1616 1647 1658 Jerusalem

303 1684 533 1724 dissuasum
563 1688 638 1724 est.
697 1682 817 1732 Quod
847 1696 939 1722 cum
968 1683 1011 1722 in
1042 1683 1224 1723 exercitu
1254 1683 1408 1723 factum
1441 1687 1548 1724 esset
1576 1696 1648 1724 no-

305 1751 457 1791 torium
490 1749 599 1802 quod
632 1763 714 1789 non
746 1748 1013 1801 procederent
1044 1748 1096 1788 ad
1129 1748 1370 1796 Jerusalem,
1403 1748 1528 1789 immo
1563 1749 1673 1801 iam,

305 1828 541 1856 reversurus
569 1814 664 1854 inde
693 1814 837 1853 fuisset
867 1813 1079 1861 exercitus,
1103 1826 1153 1853 ex
1182 1813 1307 1853 nimia
1333 1813 1585 1855 desolatione
1604 1819 1648 1856 et

307 1880 601 1921 vehementiori
631 1879 801 1918 tristitia
829 1884 1038 1931 coeperunt
1066 1878 1304 1936 maledicere
1337 1892 1492 1919 moram
1519 1893 1644 1930 suam,

308 1952 350 1987 et
369 1960 481 1998 spem
500 1944 787 1998 progrediendi
813 1948 1076 1996 conceptam3
1105 1958 1179 1984 nec
1205 1957 1246 1983 se
1269 1949 1430 1996 optasse
1456 1944 1647 1986 dicebant
1676 1967 1679 1970 ·

307 2012 479 2052 ulterius
494 2011 630 2050 vivere
646 2023 767 2062 quam
783 2022 910 2061 usque
925 2010 1158 2049 obtinerent
1173 2009 1391 2049 Christiani
1404 2009 1645 2060 Jerusalem,

310 2083 353 2118 et
371 2082 509 2117 sancta
528 2089 609 2116 non
629 2075 826 2115 darentur
843 2075 886 2114 in
906 2088 1049 2115 manus
1063 2074 1299 2114 alienorum.

423 2238 639 2289 Saladz‘n
679 2237 872 2304 refuses
912 2255 945 2286 a
993 2238 1161 2286 Truce
1201 2244 1251 2286 to
1289 2237 1531 2287 Richard.

310 2331 466 2370 IGITUR
484 2343 576 2369 cum
595 2329 798 2368 exercitus
818 2327 948 2367 nostri
967 2333 1098 2366 status
1118 2327 1364 2367 innotuisset
1386 2327 1643 2376 Salahadino,

308 2395 418 2448 quod
437 2394 567 2434 nostri
587 2407 743 2433 summa
766 2393 924 2432 consilii
950 2392 1191 2432 consisteret
1214 2392 1266 2432 ad
1295 2392 1644 2442 retrocedendum‚
