1708 2684
242 191 293 229 24
494 189 880 230 ITINERARIUM
907 189 1071 230 REGIS
1101 189 1336 231 RICARDI

241 310 499 362 supervacuis
532 309 735 350 exercitiis
773 323 936 363 operam
973 310 1237 362 impenderet,
1270 314 1314 350 et
1348 314 1585 363 arroganter

240 380 551 427 persequeretur
579 374 832 416 Christianos
860 375 1065 424 innocuos
1098 389 1190 416 cum
1215 380 1280 416 tot
1311 374 1440 415 millia
1467 374 1583 415 Sara-

240 453 431 480 cenorum
469 445 726 494 superessent
761 441 806 480 in
838 441 1024 494 proximo
1062 440 1356 494 expugnanda3
1401 441 1446 480 in
1482 452 1584 493 quoe

241 506 506 558 experiendos
535 506 658 547 etiam
687 520 760 547 sua
787 507 931 556 virtus,
953 506 1049 547 licet
1077 511 1184 547 esset
1210 507 1356 560 potior,
1378 505 1586 546 videretur

241 577 379 611 tamen
398 585 483 612 esse
503 572 683 612 inferior.

297 671 465 712 Richard
492 685 568 712 was
586 685 716 724 mayry,
737 671 817 712 and
843 672 1037 712 continued
1065 672 1123 712 his
1147 685 1226 712 war
1243 672 1332 712 with
1353 670 1462 712 Isaac
1489 670 1588 711 mil

243 738 350 788 Kinq
388 737 472 790 Gay
508 738 684 790 captured
719 737 859 778 Isaao's
895 739 981 790 o‘nly
1009 738 1190 790 dauqhter
1228 738 1271 778 ian
1308 737 1366 777 tha
1396 736 1518 778 Castle
1545 735 1593 788 os

244 802 412 855 Ghyrna.

629 903 925 953 Surrender
960 903 1026 970 of
1052 904 1215 952 Isaac.

245 1005 408 1045 MISSOS
438 1006 577 1058 itaque
607 1005 761 1059 legatos
788 1006 840 1046 ad
874 1019 1010 1060 regem
1042 1006 1271 1053 Ricardum,
1302 1004 1356 1044 ad
1387 1003 1587 1058 agendam

243 1085 404 1110 causam
435 1085 559 1120 suam,
595 1080 637 1111 et
665 1072 776 1124 regis
804 1072 986 1111 animum
1012 1072 1065 1111 ad
1093 1072 1288 1124 pietatem
1317 1069 1590 1123 praestandam

326 1160 423 1191 1191.
515 1136 803 1186 inclinandum,
824 1152 848 1176 a
873 1142 1006 1178 castro
1030 1137 1082 1177 de
1108 1135 1308 1177 Candaira
1329 1134 1588 1184 descendens,

326 1203 419 1242 R-S·‚
513 1202 751 1242 subsecutus
789 1208 860 1251 est,
901 1202 1044 1242 habitu
1077 1201 1258 1254 lugubris
1288 1205 1331 1241 et
1363 1200 1481 1241 vultu
1517 1200 1587 1241 de-

312 1257 344 1290 p.
364 1248 441 1280 203.
515 1269 656 1321 iectus,
678 1273 720 1308 et
739 1268 906 1308 veniens
923 1268 977 1308 ad
996 1281 1132 1322 regem
1155 1272 1251 1307 ante
1278 1266 1402 1319 pedes
1429 1267 1520 1319 ejus
1546 1279 1590 1307 se

246 1334 487 1383 humiliavit,
523 1333 693 1387 genibus
730 1333 873 1381 minor,
905 1346 1086 1372 asserens
1113 1345 1154 1371 se
1182 1330 1464 1371 misericordiae
1501 1330 1590 1383 ejus

248 1413 298 1439 ex
331 1405 420 1439 toto
454 1399 704 1446 submittere,
739 1398 798 1438 ita
830 1397 939 1450 quod
970 1412 1044 1438 nec
1081 1397 1156 1437 sibi
1194 1402 1345 1436 terram
1382 1395 1590 1442 retineret,

248 1464 313 1504 vel
341 1464 562 1512 castellum,
594 1463 665 1503 sed
692 1464 825 1515 ipsum
848 1463 899 1503 de
928 1468 1072 1503 caetero
1100 1462 1268 1502 haberet
1295 1467 1344 1501 ut
1367 1461 1591 1511 dominum,

248 1529 470 1570 dummodo
487 1530 621 1581 ipsum
640 1529 683 1568 in
702 1528 863 1568 vincula
881 1528 1038 1568 ferrea*
1057 1540 1136 1567 non
1156 1527 1386 1580 conjiceret.

305 1629 473 1668 Richard
500 1629 578 1668 took
608 1628 666 1668 the
691 1628 786 1680 spoil
813 1627 858 1679 of
880 1628 1041 1680 Cyprus,
1070 1626 1153 1666 and
1178 1626 1244 1678 left
1270 1627 1300 1666 it
1325 1626 1368 1666 in
1392 1625 1450 1666 the
1473 1624 1598 1665 hands

249 1693 294 1744 of
307 1694 365 1733 his
383 1708 479 1733 men.

523 1797 755 1846 Bia-hard
786 1803 882 1846 sets
918 1795 1031 1845 Sail
1052 1795 1144 1859 for
1167 1796 1321 1845 Aere.

254 1898 336 1937 HIS
373 1898 511 1949 itaque
549 1897 732 1949 patratis,
773 1910 846 1936 rex
883 1896 1126 1936 festinanter
1157 1896 1210 1935 ad
1248 1894 1595 1935 transfretandum

253 1963 445 2010 intendit,
474 1967 516 2002 et
544 1963 709 2002 sarcinis
746 1962 966 2015 dispositis,
998 1966 1040 2001 et
1068 1961 1316 2014 spirantibus
1344 1960 1478 2000 ventis
1503 1973 1594 2014 pro·
1635 1970 1639 1971 ⁷

343 2053 440 2083 1191.
524 2028 662 2080 speris,
683 2027 816 2067 soluta
835 2032 897 2067 est
915 2040 939 2066 a
957 2026 1096 2066 littore
1116 2026 1261 2066 classis.
1319 2025 1485 2078 Reginoe
1505 2038 1596 2077 pro-

343 2095 436 2132 R-S·‚
521 2098 737 2132 moventur
764 2093 807 2131 in
835 2091 955 2131 Buzis
974 2105 1066 2131 cum
1085 2091 1281 2132 comitatu
1300 2103 1373 2130 suo
1391 2091 1434 2130 in
1453 2090 1594 2131 altum.

292 2149 349 2181 pp.
369 2139 481 2170 204-5.
525 2158 574 2198 In
606 2157 743 2210 Cypro
771 2158 1026 2210 disposuerat
1053 2170 1125 2196 rex
1152 2157 1260 2196 viros
1286 2155 1508 2196 industrios
1533 2168 1598 2196 cu·

255 2226 391 2267 stodes
411 2229 454 2265 et
471 2224 697 2272 bellatores,
721 2222 791 2275 qui
811 2222 848 2262 ei
867 2227 1008 2274 postea
1027 2222 1356 2261 transmitterent
1374 2233 1599 2261 necessarla

257 2290 458 2339 victualia,
479 2286 730 2329 frumentum
758 2294 800 2328 et
827 2287 1038 2335 hordeum,
1060 2300 1198 2327 carnes
1227 2286 1350 2326 etiam
1376 2285 1596 2338 cujuslibet

793 2370 812 2390 ¹*
836 2370 896 2403 See
912 2371 993 2402 note
1010 2370 1062 2401 12.
