1708 2684
290 265 343 303 46
546 263 933 305 ITINERARIUM
962 265 1127 306 REGIS
1156 266 1389 308 RIOARDI

289 383 488 423 Richard’s
501 383 712 435 departure.
757 385 912 426 Conrad
929 399 1006 426 was
1024 387 1161 436 chosen,
1183 387 1272 437 aad,
1294 387 1472 439 althouqh,
1488 387 1642 429 omn-ad

290 461 366 488 was
388 448 447 488 his
466 462 602 501 enemy,
626 450 794 490 Richard
811 451 947 503 aqreed
955 451 1024 503 sor
1037 452 1095 492 the
1109 453 1194 493 sake
1212 453 1390 506 ospeaoe.
1449 452 1642 495 rhemos

289 514 334 563 os
343 513 401 552 the
419 513 569 554 election
587 527 664 554 was
682 515 826 555 carried
845 519 879 556 ίο
899 516 1005 569 Tyra.

623 679 870 730 Conrad’s
910 681 1307 732 Assassination.

292 785 557 824 MARCHISUS
590 785 689 825 dum
722 785 788 826 die
822 786 998 838 quadam
1027 801 1052 826 a
1081 787 1268 827 convivio
1296 787 1471 841 episcopi
1499 787 1638 828 Belva-

290 851 429 899 censis,
461 864 554 891 cum
582 865 663 903 quo
692 851 925 892 comederat
951 852 1208 893 familiariter
1235 853 1446 903 invitatus,
1468 853 1512 893 in
1539 865 1638 906 pace

380 952 464 983 1192
562 922 837 957 reverteretur
867 918 1006 958 hilaris
1039 918 1261 958 admodum
1287 923 1330 959 et
1358 918 1571 972 jocundus,
1597 923 1640 959 et

381 976 476 1033 Rs]
559 985 644 1036 jam
669 984 922 1036 pervenisset
950 989 1046 1023 ante
1076 984 1283 1025 teloneum
1309 985 1499 1036 civitatis,
1522 985 1636 1026 ecce!

316 1049 372 1082 PP·
394 1039 528 1071 339-40.
562 1049 644 1089 duo
681 1050 852 1101 juvenes
890 1049 1122 1090 Hausassisi
1159 1050 1244 1090 sine
1282 1050 1415 1103 palliis
1441 1050 1636 1103 expediti,

290 1114 433 1167 rapido
452 1115 609 1167 impetu
635 1118 904 1161 accurrentes,
924 1114 1083 1154 duobus
1111 1114 1296 1164 cultellis,
1326 1129 1428 1168 quos
1450 1115 1650 1156 manibus-

289 1182 497 1235 gembant,
521 1181 703 1230 exsertis,
726 1181 820 1220 hinc
839 1181 935 1221 inde
954 1182 1161 1221 transfixis
1181 1182 1411 1234 praecordiis
1431 1181 1638 1224 lethaliter

290 1247 426 1299 ipsum
439 1246 702 1286 vulnerantes
714 1252 848 1298 coepto
863 1260 983 1286 cursu
999 1247 1352 1299 praetervolabant.
1410 1247 1637 1289 Marchisus

289 1313 430 1352 statim
458 1312 594 1365 lapsus
624 1326 729 1364 equo
757 1311 1022 1352 moribundus
1042 1312 1313 1352 volutabatur.
1374 1313 1494 1354 Unus
1513 1313 1638 1354 homi-

289 1378 470 1418 cidarum
508 1378 649 1417 statim
679 1377 946 1418 detruncatus
979 1384 1043 1418 est
1054 1394 1066 1428 ς
1094 1378 1198 1418 alter
1228 1392 1326 1419 vero
1354 1379 1398 1420 in
1428 1379 1636 1420 ecclesiam

288 1443 492 1496 quandam
521 1457 564 1484 se
590 1444 732 1483 statim
762 1444 957 1493 immisit3
990 1445 1060 1497 qui
1091 1445 1354 1486 nihilominus
1380 1446 1476 1487 inde
1495 1452 1639 1499 raptu:

288 1522 360 1561 per
380 1509 556 1548 mediam
570 1509 781 1549 civitatem
795 1510 1092 1562 pertrahendus
1107 1510 1410 1560 condemnatur,
1425 1525 1635 1565 quousque

288 1580 413 1614 tantae
425 1588 541 1613 reum
552 1574 795 1626 proditionis
807 1575 996 1627 spiritum
1009 1575 1198 1615 deficiens
1212 1576 1430 1616 exhalaret.
1482 1577 1635 1618 Verum

287 1646 507 1692 antequam
534 1640 772 1692 exspiraret,
792 1640 1012 1693 diligenter
1039 1641 1271 1693 inquisitus,
1292 1643 1408 1694 cujus
1436 1643 1635 1684 instinctu

289 1706 352 1745 vel
383 1720 507 1757 quare
537 1706 593 1745 sic
622 1706 763 1759 egerit,
785 1719 827 1746 se
854 1707 1061 1758 professus
1090 1711 1154 1746 est
1180 1721 1204 1747 a
1234 1707 1365 1748 multo
1383 1713 1566 1761 tempore
1585 1722 1634 1750 eo

289 1771 413 1811 fuisse
451 1772 709 1811 transmissos
740 1771 793 1810 ad
830 1771 873 1810 id
911 1772 1240 1824 perpetrandum,
1278 1777 1321 1812 et
1350 1773 1403 1813 ob
1432 1774 1635 1814 moventis

287 1837 576 1877 auctoritatem
596 1842 638 1876 et
658 1836 910 1877 salutiferam
926 1837 1199 1877 obedientiam
1218 1838 1294 1878 hoc
1308 1840 1634 1894 praesumpsisse3

288 1902 399 1954 quod
436 1915 578 1942 verum
616 1902 742 1941 fuisse
780 1902 995 1942 manifeste
1032 1903 1116 1955 jam
1153 1903 1299 1955 patuit.
1366 1903 1450 1956 Ipsi
1483 1904 1634 1957 quippe

286 1969 457 2020 juvenes
494 1967 650 2007 diutius
689 1967 933 2008 exstiterant
963 1969 1005 2007 in
1038 1969 1164 2020 ipsius
1196 1969 1390 2022 obsequio
1427 1969 1630 2019 Marchisss
1677 1967 1680 1970 ¹

288 2037 586 2084 competentem
630 2032 683 2071 ad
726 2033 767 2072 id
815 2034 1134 2085 perpetrandum
1182 2040 1392 2086 captantes
1438 2035 1633 2088 temporis

288 2097 517 2137 articulum.
573 2098 612 2136 A
632 2098 788 2137 seniore
809 2098 917 2138 enim
936 2098 987 2137 de
1007 2098 1172 2139 Musse*
1192 2113 1233 2139 se
1254 2090 1631 2142 transmissos'asse-

290 2164 447 2210 rebant,
476 2163 547 2214 qui
573 2163 822 2202 Marchisum
847 2169 977 2203 morte
1005 2164 1176 2218 dignum
1204 2164 1423 2217 judicabat,
1455 2171 1498 2205 et
1525 2165 1633 2206 infra

288 2232 444 2268 certum
481 2228 591 2267 illius
628 2229 825 2280 temporis
863 2230 1083 2269 terminum
1121 2230 1315 2270 trucidari
1353 2230 1628 2272 mandaverat.

287 2293 438 2333 Omnes
460 2306 633 2344 namque
660 2307 761 2345 quos
785 2294 919 2334 senior
943 2294 1010 2334 ille
1037 2294 1088 2334 de
1109 2294 1247 2334 Musse
1267 2295 1354 2335 vita
1377 2296 1631 2348 reputaverit

286 2358 485 2412 indignos,
535 2358 677 2399 eodem
723 2358 845 2398 modo
895 2363 1087 2411 procurat
1132 2360 1402 2412 perimendos.
1486 2359 1632 2402 Senior

824 2440 844 2461 *
870 2441 931 2475 See
947 2443 1026 2474 note
1043 2442 1095 2474 14.
1145 2491 1149 2496 .
