1708 2684
369 242 372 245 -
410 220 802 262 ITINERARIUM
830 220 997 262 REGIS
1026 219 1263 262 RIOARDI
1455 221 1506 259 29

152 341 397 382 nobiliorum
435 336 788 391 Christianorum,
844 348 889 383 et
947 343 1194 396 quingentos
1253 342 1508 395 captivorum

151 406 403 456 inferiorum,
434 421 536 461 quos
570 407 842 449 Salahadinus
870 422 1051 461 quaerere
1080 410 1243 458 faceret,
1276 421 1348 461 per
1376 412 1507 448 totam

151 477 303 515 terram
323 488 448 524 suam,
465 475 524 514 ita
543 474 653 527 quod
672 488 696 515 a
716 475 882 515 civitate
895 482 1093 516 exeuntes
1108 475 1230 515 Turci
1249 474 1351 515 nihil
1371 487 1507 514 secum

152 544 301 594 praeter
327 541 510 581 camisias
538 545 798 593 asportarent
827 541 988 595 singuli,
1011 541 1164 582 relictis
1186 540 1310 580 armis
1339 540 1433 588 suis,
1465 545 1507 579 et

152 605 273 646 rebus
301 606 488 646 omnibus
514 619 606 646 cum
627 606 886 647 victualibus.
944 606 999 646 Et
1018 612 1214 660 praeterea
1233 619 1307 659 pro
1326 605 1506 657 redemp-

151 671 264 712 tione
301 672 482 725 capitum
519 685 686 712 suorum
730 672 878 712 darent
914 671 1074 712 duobus
1121 672 1285 725 regibus
1331 671 1508 711 ducenta

152 736 401 778 talentorum
448 737 780 779 Saracenicorum
826 738 968 778 millia.
1044 738 1176 791 Super
1221 737 1285 777 his
1332 737 1508 777 fideliter

152 803 428 850 observandis,
466 803 679 844 traderent
726 803 887 844 obsides
933 803 1160 844 Turcorum
1208 802 1426 844 nobiliores
1465 805 1508 842 et

151 867 472 918 excellentiores,
493 869 564 924 qui
583 869 864 923 reperirentur
883 869 927 909 in
946 869 1127 910 civitate.

524 1067 704 1132 Entry
742 1065 810 1134 qf
839 1067 1135 1118 Christiam.

152 1175 360 1215 OMNIBUS
396 1174 573 1228 denique
610 1174 753 1215 Turcis
787 1173 973 1228 egressis,
1009 1173 1247 1223 Christiani,
1282 1187 1384 1227 quos
1421 1174 1505 1215 duo

151 1255 267 1296 reges
296 1242 512 1295 jusserant,
548 1241 738 1282 reseratis
766 1241 902 1294 januis
935 1241 1061 1282 libere
1095 1241 1306 1281 civitatem
1333 1241 1505 1295 ingressi

449 1312 558 1355 sunt,
608 1321 700 1347 cum
744 1307 941 1360 tripudio,
981 1311 1024 1348 et
1060 1306 1215 1356 laetitia,
1264 1311 1307 1347 et
1348 1321 1506 1348 summa

162 1355 406 1442 Κεῗὲῗρπ.
449 1387 596 1414 vocum
625 1373 886 1422 exaltatione,
908 1373 1132 1413 Dominum
1157 1373 1440 1426 glorificante&
1465 1379 1507 1414 et

450 1439 604 1493 gratias
623 1444 805 1494 agentes,
821 1440 918 1492 quia
933 1439 1209 1493 magnificavit
1224 1439 1336 1480 Deus
1351 1440 1504 1480 miseri-

150 1505 329 1546 cordiam
349 1505 474 1546 Suam
493 1519 583 1546 cum
604 1506 713 1559 ipsis,
736 1511 778 1546 et
793 1505 988 1555 visitavit,
1006 1511 1048 1545 et
1067 1505 1165 1545 fecit
1183 1504 1506 1558 redemptionem

152 1572 281 1625 plebis
301 1572 406 1612 Suae.

409 1741 515 1792 Tlae
553 1742 729 1808 Kings
763 1740 915 1807 begin
950 1747 1001 1790 to
1037 1739 1258 1805 quarrel.

153 1845 379 1886 PROOESSU
419 1847 614 1899 temporis
648 1847 757 1886 inter
794 1845 896 1886 duos
934 1858 1050 1899 reges
1088 1845 1266 1885 maxima
1309 1850 1372 1886 est
1416 1851 1506 1886 orta

151 1911 363 1962 discordia,
385 1913 592 1952 occasione
621 1911 730 1951 illius
757 1911 1094 1964 supramemorati
1121 1911 1325 1960 Marchisi,
1348 1911 1413 1952 cui
1433 1925 1506 1951 rex

450 1977 629 2018 Franciae
658 1977 834 2026 favebat,
865 1982 907 2017 et
931 1990 1091 2024 omnem
1119 1976 1398 2028 acquisitionis
1423 1990 1506 2016 suae

166 2025 407 2111 R.s.¹‚lg.1'235.
449 2044 580 2092 factae,
602 2043 667 2084 vel
687 2043 879 2083 faciendae
909 2043 951 2082 in
971 2042 1097 2082 Terra
1117 2042 1277 2091 Sancta,
1300 2056 1389 2094 quae
1410 2056 1504 2083 eum

451 2111 716 2163 contingeret,
739 2109 995 2162 disposuerat
1020 2108 1238 2148 concedere
1258 2108 1501 2161 portionem.

155 2175 231 2217 Cui
265 2176 510 2216 concessioni
539 2189 613 2215 rex
639 2175 851 2223 Ricardus,
880 2174 1130 2227 compatiens
1158 2174 1366 2214 afflictioni
1396 2175 1504 2228 regis

155 2242 366 2291 Gnidonis,
406 2242 539 2282 noluit
584 2242 763 2295 praebere
806 2254 1026 2290 assensum,
1066 2240 1163 2293 quia
1199 2241 1285 2293 regi
1324 2240 1503 2281 Guidoni

156 2308 293 2361 potius
313 2308 530 2348 videbatur
549 2313 788 2360 competere.
