1708 2684
366 210 753 264 ITINERARIUM
782 221 949 263 REcls
977 222 1214 264 RICARDI
1414 227 1465 266 33

497 397 656 464 Camp
691 415 820 448 near
857 398 1081 462 Haisa*

111 502 433 545 SALAHADINUS
470 518 563 545 cum
600 504 743 545 Turcis
787 519 946 559 semper
989 505 1032 545 in
1069 505 1243 552 insidiis,
1282 510 1470 546 nostrum

114 583 334 624 procurans
354 570 662 619 detrimentum,
682 571 907 624 occupabat
932 572 1091 612 viarum
1119 572 1342 625 angustias,
1363 572 1472 612 inter

410 641 619 690 praerupta
663 637 878 686 montium,
919 651 1000 690 qua
1039 642 1180 678 noster
1218 638 1470 678 transiturus

121 683 367 770 B.S.l,lg.l'252.
412 707 501 742 erat
529 702 745 742 exercitus
803 702 1202 743 Praemeditabantur
1221 703 1329 743 enim
1343 709 1391 742 ut
1406 702 1471 743 vel

413 773 574 809 nostros
602 774 839 809 attenuatos
862 769 906 808 in
933 769 1112 809 exitibus
1132 769 1376 818 occiderent,
1397 775 1471 809 aut

114 833 518 888 comprehenderent,
549 834 614 874 vel
642 839 753 874 certe
785 834 996 874 afficiendo
1026 834 1283 888 dissiparent.
1356 834 1468 875 Gens

114 912 212 940 vero
230 904 382 948 nostra,
403 914 428 940 a
446 899 642 953 praedicto
666 899 834 940 flumine
860 904 1060 953 promota,
1080 905 1198 940 caute
1223 899 1471 954 procedebat

113 969 157 1006 et
175 964 376 1006 ordinate.
434 965 651 1006 Moderata
677 965 789 1006 dieta
814 966 1099 1018 pervenientes
1118 966 1239 1018 juxta
1264 965 1468 1019 Cayphas‚
1542 987 1545 992 v

113 1031 170 1072 ibi
189 1032 371 1072 fixerunt
389 1032 581 1079 tentoria,
604 1037 652 1072 ut
678 1031 825 1086 vulgus
848 1045 1020 1085 sequens
1049 1037 1297 1085 expectaret.
1354 1032 1470 1072 Inter

113 1110 224 1138 mare
275 1102 318 1137 et
364 1097 562 1150 oppidum
609 1096 810 1151 Cayphas,
860 1097 1054 1150 utrinque
1101 1103 1240 1138 noster
1286 1098 1468 1138 residens

113 1163 330 1211 exercitus,
359 1162 486 1203 biduo
518 1163 576 1203 ibi
605 1163 865 1211 morabatur;
896 1168 1156 1216 perscrutans
1182 1168 1224 1203 et
1255 1163 1470 1204 revolvens

118 1229 308 1277 sarcinas,
352 1234 511 1282 partem
558 1229 778 1282 abjiciebat
824 1243 905 1282 qua
950 1243 993 1269 se
1039 1230 1316 1270 arbitrabatur
1355 1244 1473 1283 posse

117 1308 265 1343 carere,
290 1299 450 1348 partem
479 1295 659 1335 retinens
685 1295 976 1344 necessariam
1005 1295 1151 1349 vulgus
1171 1295 1323 1335 etenim
1350 1295 1473 1348 pedes

117 1360 320 1410 inccdens,
342 1362 520 1401 maximo
540 1361 787 1401 sarcinarum
809 1361 1047 1401 victualium
1071 1375 1192 1402 onere
1211 1362 1471 1416 gravabatur,

119 1431 162 1467 et
189 1427 313 1466 armis
345 1427 534 1484 maxime,
565 1434 612 1469 ut
649 1427 773 1466 etiam
812 1427 855 1466 in
893 1427 1033 1479 praelio
1070 1427 1241 1480 praefato
1278 1427 1476 1479 plurimos

123 1492 237 1532 labor
255 1493 443 1540 afficeret,
464 1498 506 1532 et
525 1493 616 1533 sitis
636 1493 907 1546 extingueret.

352 1693 460 1743 Tlae
494 1693 706 1759 Armis-s·
742 1695 993 1760 Evening
1023 1695 1243 1760 Prayer.

120 1800 268 1840 MORIS
306 1805 395 1840 erat
426 1800 469 1840 in
503 1801 696 1850 exercitu,
733 1806 781 1841 ut
818 1801 988 1855 singulis
1022 1802 1222 1851 noctibus,
1253 1807 1473 1855 antequam

118 1866 336 1907 dormituri
356 1867 563 1916 cubarent,
585 1867 752 1920 quidam
781 1867 833 1907 ad
856 1867 933 1908 hoc
961 1867 1183 1920 deputatus
1203 1882 1301 1908 voce
1327 1883 1475 1922 magna

204 1957 302 1988 1191.
413 1933 606 1974 clamaret
644 1934 810 1974 fortiter
847 1934 890 1973 in
920 1934 1056 1974 medio
1089 1934 1284 1982 exercitu,
1318 1934 1470 1983 dicens,

160 1999 299 2087 PPR285'5
316 2045 336 2075 4
415 1999 536 2051 juxta
567 1999 678 2051 quod
708 1999 832 2053 vulgo
850 1998 1015 2046 dicitur,
1039 1999 1290 2040 “SANCTUM
1310 1999 1472 2041 SEPUL-

419 2070 580 2106 “ORUM
599 2064 811 2105 ADJUVA.'’
867 2065 935 2105 Ad
961 2066 1066 2106 hanc
1086 2079 1226 2106 vocem
1252 2067 1460 2108 conclama

116 2132 217 2173 bant
236 2132 428 2180 universi,
451 2131 593 2172 eadem
613 2132 738 2171 verba
763 2137 1007 2184 repetentes&
1030 2138 1073 2171 et
1098 2145 1242 2172 manus
1269 2146 1361 2172 suas
1381 2147 1474 2174 cum

118 2198 310 2250 lacrymis
328 2197 543 2237 uberrimis
563 2197 781 2237 tendentes
804 2198 848 2237 in
874 2197 1030 2246 coelum,
1053 2197 1131 2238 Dei
1157 2199 1475 2240 misericordiam

119 2263 373 2316 postulantes
406 2269 449 2303 et
478 2263 746 2316 adjutorium.
803 2263 918 2303 Tunc
951 2268 994 2303 et
1021 2264 1107 2316 ipse
1135 2277 1267 2316 praeco
1296 2266 1474 2306 secundo

123 2329 334 2382 repetebat
367 2329 596 2370 exclamans
626 2329 767 2370 eadem
797 2343 886 2382 quae
915 2330 1039 2382 prius,
1074 2330 1305 2371 “Sanctum
1334 2331 1473 2385 Sepul-

662 2412 680 2432 *
709 2413 769 2445 See
786 2415 866 2445 note
885 2414 934 2445 18.
1284 2460 1307 2496 3
