1708 2684
283 249 335 287 28
536 248 924 291 ITINERARIUM
953 250 1118 291 REGIS
1148 251 1384 294 RICARDI

280 382 304 408 a
322 369 447 408 muris
466 369 518 410 de
538 375 655 411 nocte
676 384 717 411 se
736 371 939 412 dederunt
962 373 1200 426 praecipites,
1222 378 1270 414 ut
1292 373 1532 426 evaderent„
1543 387 1628 416 non

278 439 494 488 expectato
512 437 622 489 quod
650 438 801 490 promis
829 443 892 479 est
918 439 1085 480 auxilio.
1141 439 1293 480 Eorum
1319 453 1480 494 quoque
1505 453 1627 494 quam

367 525 464 558 1191.
548 502 714 554 plurimi
756 504 1078 545 Christianitatis
1113 510 1156 546 et
1192 505 1384 558 baptismi
1419 507 1628 559 petiemnt

365 568 462 607 RS„
546 569 780 622 suppliciter
826 570 902 610 sibi
948 571 1270 612 contradendum
1316 577 1623 615 sacramentum.

315 622 372 654 PP‘
391 613 504 646 230-1,
548 634 679 688 Super
698 649 870 688 quorum
890 650 1047 676 summa
1065 637 1303 678 meritorum
1322 651 1404 678 non
1422 638 1627 680 immerito

276 699 577 753 ambigendum,
599 714 690 740 cum
710 700 899 741 videatur
925 702 1260 755 praesumendum,
1283 702 1394 755 quod
1419 703 1555 756 potius
1572 703 1625 744 ab

278 764 470 804 instantis
499 765 658 806 timoris
684 766 886 819 angustia,
908 780 1030 819 quam
1059 767 1283 821 inspirante
1311 769 1446 822 gratia
1470 768 1623 819 divina,

275 829 318 869 id
338 830 414 869 sibi
433 831 520 871 fieri
539 831 876 884 postulaverunt;
910 832 980 872 sed
1000 832 1140 872 multis
1160 833 1353 886 gradibus
1371 834 1420 874 fit
1437 847 1624 876 recursus

274 895 326 934 ad
342 895 525 953 salutem7
585 896 956 938 Intercurrentibus
970 898 1131 939 assidue
1148 900 1314 949 nunciis,
1331 900 1430 940 satis
1441 900 1624 943 innotuit

275 960 530 1011 salahadino,
545 962 654 1014 quod
671 963 895 1015 periculosa
907 964 1026 1004 nimis
1042 970 1129 1004 erat
1141 964 1310 1005 ulterior
1324 967 1624 1018 perseverantia

273 1028 316 1067 in
349 1028 515 1069 civitate
538 1029 691 1078 Turcis‚
720 1043 842 1082 quam
870 1044 894 1070 a
922 1031 1023 1071 facie
1052 1030 1378 1071 Christianorum
1407 1032 1514 1073 tueri
1539 1046 1621 1074 non

276 1098 451 1145 possent.

566 1256 863 1306 Surrender
898 1256 952 1321 of
984 1258 1141 1314 Aere,
1182 1264 1325 1308 1191.

273 1360 589 1402 SALAHADINUS
609 1362 864 1415 perpendens
892 1377 1047 1404 moram
1072 1364 1234 1405 trahere
1260 1365 1495 1418 periculum,
1515 1367 1618 1420 peti-

571 1428 751 1468 tionibus
801 1429 1055 1469 obsessorum
1106 1430 1271 1471 tandem
1318 1431 1500 1472 decrevit
1548 1445 1619 1473 an-

284 1521 324 1555 R
332 1480 369 1554 S]
378 1481 437 1511 191
446 1504 515 1556 '231
570 1494 796 1535 nuendum:
812 1495 1039 1548 praesertim
1050 1495 1126 1535 hoc
1138 1496 1270 1536 eidem
1283 1496 1620 1550 persuadentibus

356 1547 381 1562 ⁰
401 1533 432 1566 p'
521 1548 530 1556 ’
570 1559 793 1600 admiraliis
806 1560 887 1600 suis
900 1565 942 1600 et
955 1561 1138 1613 satrapis,
1153 1566 1195 1601 et
1209 1561 1347 1602 amicis
1365 1563 1615 1615 potentibus,

274 1635 447 1674 quorum
467 1629 585 1664 erant
604 1633 803 1678 parentes,
826 1631 868 1666 et
887 1628 1060 1680 cognati,
1083 1632 1125 1667 et
1143 1627 1261 1667 amici
1281 1627 1442 1668 obsessi.

852 1856 1041 1905 Terms.

269 1957 668 1998 RENUNCIANTIBUS
699 1959 875 2012 denique
909 1961 1067 2001 nunciis
1101 1961 1336 2002 salahadini
1369 1964 1614 2004 sententiam
1679 1971 1682 1974 '

268 2027 310 2062 et
329 2026 593 2075 satraparum,
615 2025 745 2077 gavisi
765 2030 862 2065 sunt
881 2026 1031 2066 obsessi
1046 2027 1196 2080 gaudio
1210 2041 1369 2080 magno.
1426 2028 1482 2069 Et
1499 2020 1613 2070 ecce!

351 2112 446 2143 1191.
539 2090 688 2141 egressi
722 2094 818 2130 sunt
850 2092 1024 2143 majores
1051 2105 1189 2132 eorum
1218 2092 1271 2133 ad
1293 2106 1408 2146 reges
1439 2098 1610 2144 nostros,

353 2154 447 2192 R·S·‚
539 2158 582 2194 et
600 2168 672 2207 per
690 2156 955 2208 interpretem
984 2157 1222 2198 obtulerunt
1241 2158 1384 2199 Achon
1403 2159 1612 2201 civitatem

311 2208 368 2240 pp.
389 2200 499 2231 231-2.
538 2219 787 2261 reddendam
824 2221 1003 2270 liberam,
1045 2227 1087 2262 et
1123 2228 1303 2263 sanctam
1345 2223 1516 2265 Crucem
1550 2237 1611 2265 re-

265 2285 514 2338 signandam,
557 2291 599 2326 et
636 2286 833 2326 ducentos
871 2287 1115 2327 nobiliorum
1152 2288 1474 2329 Christianorum
1510 2303 1612 2342 quos

264 2355 482 2390 tenuerant
507 2351 699 2403 captivos,
722 2356 765 2391 et
789 2352 1086 2405 quinquaginta
1114 2353 1354 2394 reddendos.
1410 2353 1492 2395 Sed
1519 2368 1611 2395 cum

262 2414 338 2454 hoc
366 2415 515 2454 nostris
540 2415 850 2468 perpendissent
872 2417 1090 2470 ingratum,
1114 2417 1352 2458 obtulerunt
1374 2418 1456 2459 duo
1483 2419 1611 2460 millia
