1708 2684
375 203 771 278 'ITINERARIUM
799 237 964 278 REGIS
993 237 1230 280 RICARDI
1432 237 1480 279 17

130 354 370 406 praedictum
398 353 471 405 est,
502 365 675 400 matrem
704 374 819 401 suam
852 375 945 402 cum
978 368 1204 402 memorata
1233 361 1370 415 puella
1398 362 1483 414 jam

127 429 338 474 acceperat
365 438 412 465 eo
441 432 668 467 venturam.
728 427 863 481 Igitur
891 433 1108 481 postquam
1135 442 1273 482 regem
1302 428 1482 468 Franciae

127 488 490 532 transfretaturum
508 492 719 534 dimiserat
738 495 780 533 in
800 507 910 547 pace,
927 495 1037 534 ultra
1055 494 1206 535 Farum
1226 499 1483 535 transvectus

127 558 191 593 est
227 568 356 609 usque
402 557 455 598 ad
501 559 712 599 civitatem
760 559 912 609 Risam,
952 560 1023 600 ubi
1061 560 1261 601 didicerat
1298 561 1482 614 reginam

127 625 301 662 matrem
338 636 452 664 suam
491 637 577 665 esse
625 638 717 665 cum
759 625 1016 679 Berengaria,
1056 639 1156 678 quas
1193 640 1286 667 cum
1323 638 1481 666 summo

125 686 278 739 gaudio
294 693 507 742 gratanter
530 691 763 743 suscipiens,
785 691 922 731 secum
950 691 1126 731 deduxit
1153 691 1206 732 ad
1235 691 1478 740 Messanam,

124 750 196 792 ubi
215 753 324 794 faeta
341 754 552 807 aliquanta
571 770 695 806 mora,
718 763 891 798 matrem
911 757 1096 811 reginam
1114 757 1272 799 dimisit
1290 757 1415 807 abire,
1438 762 1481 798 et

123 819 239 872 regni
257 820 322 861 sui
340 822 502 875 rogavit
521 822 669 864 habere
688 823 926 864 custodiam.

350 1059 585 1110 Richard
615 1067 712 1111 sets
745 1060 863 1111 Sail
876 1060 1030 1128 from
1064 1060 1235 1126 Sicily.

122 1169 221 1210 REX
244 1173 480 1225 praeparatis
503 1173 691 1214 omnibus
710 1173 847 1214 itineri
868 1174 1116 1222 necessariis,
1138 1187 1276 1228 regem
1296 1173 1476 1215 Franciae

123 1236 316 1290 subsequi
348 1251 470 1291 quam
498 1240 636 1292 potuit
665 1240 897 1294 expeditius
926 1253 981 1279 ex—
1010 1240 1198 1281 condicto
1228 1240 1474 1293 properavit.

421 1302 547 1344 Classi
565 1305 704 1358 itaque
727 1304 975 1345 deducendae
1003 1310 1047 1345 et
1071 1305 1347 1346 custodiendae
1373 1319 1474 1359 prae-

135 1396 167 1431 R
180 1355 376 1442 &ughwm
418 1370 552 1423 posito
578 1371 760 1412 Roberto
785 1371 837 1411 de
867 1371 1109 1420 Torneham‚
1144 1385 1332 1424 sponsam
1357 1385 1473 1412 suam

169 1424 178 1433 ⁸
219 1423 228 1439 ⁵
274 1423 282 1433 ⁶
418 1436 643 1489 praefatam,
665 1451 757 1477 cum
777 1450 913 1478 sorore
936 1451 1010 1477 sua
1036 1437 1175 1486 vidua,
1203 1438 1300 1478 olim
1327 1437 1472 1478 Siciliae

119 1500 270 1554 regina,
315 1503 510 1555 praemisit
551 1504 682 1557 prima
728 1503 863 1543 fronte
910 1504 953 1543 in
991 1503 1164 1543 navibus
1202 1517 1302 1556 quas
1346 1504 1471 1558 vulgo

117 1566 261 1608 dicunt
298 1568 535 1619 Dromones,
572 1583 712 1610 versus
747 1570 947 1610 orientem
984 1576 1096 1610 recto
1134 1570 1374 1623 navigantes
1409 1584 1469 1611 re-

118 1639 271 1686 spectu.
347 1635 630 1689 Deputaverat
673 1636 798 1676 etiam
836 1635 989 1676 eisdem
1037 1635 1276 1676 mulieribus
1315 1636 1473 1689 aliquot

117 1699 266 1740 milites
299 1700 352 1741 ad
379 1701 570 1742 solatium
600 1706 644 1742 et
677 1702 863 1748 tutelam,
898 1707 942 1741 et
969 1702 1283 1754 obsequentium
1309 1703 1474 1743 turbam

115 1766 328 1819 copiosam.
386 1766 494 1807 Sunt
523 1772 662 1807 autem
699 1767 936 1820 hujusmodi
973 1768 1135 1820 generis
1172 1781 1296 1808 naves
1330 1782 1382 1808 ex
1411 1770 1472 1809 sui

115 1833 319 1885 gravitate
357 1833 512 1874 caeteris
550 1834 760 1886 pigriores,
803 1833 957 1874 fabrica
996 1833 1175 1874 firmiori.
1252 1834 1473 1875 Galearum

115 1911 212 1938 vero
232 1898 456 1940 multitudo
476 1900 762 1952 perseverabat
780 1899 1011 1948 immobilis,
1033 1899 1161 1940 donec
1187 1913 1261 1940 rex
1285 1913 1470 1953 pransus,

114 1970 283 2018 propter
310 1967 594 2020 contingentes
632 1967 976 2020 importunitates,
1013 1980 1105 2006 cum
1138 1967 1249 2006 omni
1287 1968 1470 2008 exercitu

115 2031 344 2072 valedicens
377 2033 580 2086 indigenis
609 2046 869 2086 processurus
898 2032 1148 2072 ascenderet.
1205 2033 1284 2082 Qui
1313 2047 1404 2073 cum
1428 2048 1470 2074 se

114 2098 248 2137 ventis
281 2099 484 2151 prosperis
518 2099 806 2147 committeret,
837 2104 879 2138 et
908 2098 1099 2138 fluctibus
1128 2098 1305 2148 marinia
1339 2100 1470 2139 omnis

112 2162 182 2203 illa
215 2164 381 2203 navium
414 2164 635 2204 multitudo
673 2164 725 2203 ad
765 2163 1049 2216 prodeundum
1088 2163 1280 2216 expedita
1317 2165 1468 2204 crebris

111 2229 400 2282 remigantium
419 2230 660 2284 impulsibus
680 2236 944 2283 promovetur
963 2231 1006 2269 in
1026 2230 1204 2284 pelagus.
