<?xml version="1.0" encoding="UTF-8"?>
<!DOCTYPE html PUBLIC "-//W3C//DTD XHTML 1.0 Transitional//EN"
    "http://www.w3.org/TR/xhtml1/DTD/xhtml1-transitional.dtd">
<html xmlns="http://www.w3.org/1999/xhtml" xml:lang="en" lang="en">
 <head>
  <title>
</title>
<meta http-equiv="Content-Type" content="text/html;charset=utf-8" />
  <meta name='ocr-system' content='tesseract 3.04.00' />
  <meta name='ocr-capabilities' content='ocr_page ocr_carea ocr_par ocr_line ocrx_word'/>
</head>
<body>
  <div class='ocr_page' id='page_1' title='image "./itinerariumregis00richuoft/itinerariumregis00richuoft_0064.png"; bbox 0 0 1708 2684; ppageno 0'>
   <div class='ocr_carea' id='block_1_1' title="bbox 304 234 1400 278">
    <p class='ocr_par' dir='ltr' id='par_1_1' title="bbox 304 234 1400 278">
     <span class='ocr_line' id='line_1_1' title="bbox 304 234 1400 278; baseline 0.004 -4"><span class='ocrx_word' id='word_1_1' title='bbox 304 236 355 275; x_wconf 87' lang='grc'><strong>60</strong></span> <span class='ocrx_word' id='word_1_2' title='bbox 556 234 942 276; x_wconf 85' lang='lat' dir='ltr'><strong>ITINERARIUM</strong></span> <span class='ocrx_word' id='word_1_3' title='bbox 971 236 1136 277; x_wconf 81' lang='lat' dir='ltr'>REGIS</span> <span class='ocrx_word' id='word_1_4' title='bbox 1163 236 1400 278; x_wconf 84' lang='lat' dir='ltr'><strong>RICARDI</strong></span> 
     </span>
    </p>
   </div>
   <div class='ocr_carea' id='block_1_2' title="bbox 298 354 1691 1978">
    <p class='ocr_par' dir='ltr' id='par_1_2' title="bbox 301 354 1651 604">
     <span class='ocr_line' id='line_1_2' title="bbox 301 354 1649 410; baseline 0.003 -17"><span class='ocrx_word' id='word_1_5' title='bbox 301 367 424 406; x_wconf 89' lang='lat' dir='ltr'><strong>quam</strong></span> <span class='ocrx_word' id='word_1_6' title='bbox 465 354 667 407; x_wconf 89' lang='lat' dir='ltr'><strong>potuisset</strong></span> <span class='ocrx_word' id='word_1_7' title='bbox 708 355 952 395; x_wconf 71' lang='lat' dir='ltr'><strong>honestioris</strong></span> <span class='ocrx_word' id='word_1_8' title='bbox 993 355 1238 396; x_wconf 90' lang='lat' dir='ltr'><strong>conditionis</strong></span> <span class='ocrx_word' id='word_1_9' title='bbox 1279 356 1389 396; x_wconf 88' lang='lat' dir='ltr'><strong>inter</strong></span> <span class='ocrx_word' id='word_1_10' title='bbox 1428 356 1538 410; x_wconf 76' lang='lat' dir='ltr'><strong>ipsos</strong></span> <span class='ocrx_word' id='word_1_11' title='bbox 1575 355 1649 397; x_wconf 91' lang='lat' dir='ltr'><strong>im-</strong></span> 
     </span>
     <span class='ocr_line' id='line_1_3' title="bbox 301 419 1650 474; baseline 0.002 -15"><span class='ocrx_word' id='word_1_12' title='bbox 301 424 482 473; x_wconf 89' lang='lat' dir='ltr'><strong>petraret</strong></span> <span class='ocrx_word' id='word_1_13' title='bbox 518 419 713 461; x_wconf 81' lang='lat' dir='ltr'><strong>inducias.</strong></span> <span class='ocrx_word' id='word_1_14' title='bbox 785 420 1056 474; x_wconf 87' lang='lat' dir='ltr'><strong>Saphadinus,</strong></span> <span class='ocrx_word' id='word_1_15' title='bbox 1085 421 1150 460; x_wconf 91' lang='lat' dir='ltr'><strong>vir</strong></span> <span class='ocrx_word' id='word_1_16' title='bbox 1186 421 1343 461; x_wconf 72' lang='lat' dir='ltr'><strong>eximiae</strong></span> <span class='ocrx_word' id='word_1_17' title='bbox 1380 420 1650 471; x_wconf 83' lang='lat' dir='ltr'><strong>liberalitatis,</strong></span> 
     </span>
     <span class='ocr_line' id='line_1_4' title="bbox 383 486 1651 552; baseline 0.002 -27"><span class='ocrx_word' id='word_1_18' title='bbox 383 520 469 552; x_wconf 87' lang='lat'>1192</span> <span class='ocrx_word' id='word_1_19' title='bbox 571 486 642 538; x_wconf 89' lang='lat' dir='ltr'><strong>qui</strong></span> <span class='ocrx_word' id='word_1_20' title='bbox 671 491 714 526; x_wconf 88' lang='lat' dir='ltr'><strong>et</strong></span> <span class='ocrx_word' id='word_1_21' title='bbox 745 499 882 539; x_wconf 87' lang='lat' dir='ltr'><strong>regem</strong></span> <span class='ocrx_word' id='word_1_22' title='bbox 915 486 968 526; x_wconf 93' lang='lat' dir='ltr'><strong>ob</strong></span> <span class='ocrx_word' id='word_1_23' title='bbox 1001 487 1089 539; x_wconf 87' lang='lat' dir='ltr'><strong>ejus</strong></span> <span class='ocrx_word' id='word_1_24' title='bbox 1123 486 1369 540; x_wconf 84' lang='lat' dir='ltr'>singularem</span> <span class='ocrx_word' id='word_1_25' title='bbox 1401 486 1651 540; x_wconf 70' lang='lat' dir='ltr'><strong>probitatem</strong></span> 
     </span>
     <span class='ocr_line' id='line_1_5' title="bbox 388 545 1649 604; baseline 0.001 -13"><span class='ocrx_word' id='word_1_26' title='bbox 388 545 481 599; x_wconf 57' lang='lat' dir='ltr'><strong>Rs]</strong></span> <span class='ocrx_word' id='word_1_27' title='bbox 571 550 721 591; x_wconf 82' lang='lat' dir='ltr'><strong>crebris</strong></span> <span class='ocrx_word' id='word_1_28' title='bbox 748 550 924 591; x_wconf 87' lang='lat' dir='ltr'><strong>duxerat</strong></span> <span class='ocrx_word' id='word_1_29' title='bbox 952 551 1229 591; x_wconf 88' lang='lat' dir='ltr'><strong>venerandum</strong></span> <span class='ocrx_word' id='word_1_30' title='bbox 1257 551 1518 604; x_wconf 76' lang='lat' dir='ltr'><strong>argumentis,</strong></span> <span class='ocrx_word' id='word_1_31' title='bbox 1540 550 1649 592; x_wconf 88' lang='lat' dir='ltr'><strong>solli-</strong></span> 
     </span>
    </p>

    <p class='ocr_par' dir='ltr' id='par_1_3' title="bbox 298 607 1691 1978">
     <span class='ocr_line' id='line_1_6' title="bbox 340 607 1647 669; baseline 0.001 -12"><span class='ocrx_word' id='word_1_32' title='bbox 340 617 399 649; x_wconf 88' lang='lat' dir='ltr'><strong>PP·</strong></span> <span class='ocrx_word' id='word_1_33' title='bbox 419 607 531 641; x_wconf 83' lang='lat'>427-9.</span> <span class='ocrx_word' id='word_1_34' title='bbox 571 617 650 657; x_wconf 89' lang='lat' dir='ltr'><strong>cite</strong></span> <span class='ocrx_word' id='word_1_35' title='bbox 678 616 780 656; x_wconf 88' lang='lat' dir='ltr'><strong>tales</strong></span> <span class='ocrx_word' id='word_1_36' title='bbox 809 617 884 656; x_wconf 92' lang='lat' dir='ltr'><strong>sub</strong></span> <span class='ocrx_word' id='word_1_37' title='bbox 912 616 986 657; x_wconf 89' lang='lat' dir='ltr'><strong>hac</strong></span> <span class='ocrx_word' id='word_1_38' title='bbox 1014 617 1144 656; x_wconf 85' lang='lat' dir='ltr'><strong>forma</strong></span> <span class='ocrx_word' id='word_1_39' title='bbox 1176 617 1412 669; x_wconf 80' lang='lat' dir='ltr'><strong>procuravit</strong></span> <span class='ocrx_word' id='word_1_40' title='bbox 1439 616 1623 658; x_wconf 77' lang='lat' dir='ltr'><strong>inducias</strong></span> <span class='ocrx_word' id='word_1_41' title='bbox 1636 629 1647 666; x_wconf 87' lang='lat'>;</span> 
     </span>
     <span class='ocr_line' id='line_1_7' title="bbox 301 681 1650 734; baseline -0.001 -10"><span class='ocrx_word' id='word_1_42' title='bbox 301 684 501 732; x_wconf 86' lang='lat' dir='ltr'><strong>videlicet,</strong></span> <span class='ocrx_word' id='word_1_43' title='bbox 541 687 590 724; x_wconf 89' lang='lat' dir='ltr'><strong>ut</strong></span> <span class='ocrx_word' id='word_1_44' title='bbox 626 681 811 732; x_wconf 84' lang='lat' dir='ltr'><strong>Ascalon,</strong></span> <span class='ocrx_word' id='word_1_45' title='bbox 853 695 941 734; x_wconf 83' lang='lat' dir='ltr'><strong>quae</strong></span> <span class='ocrx_word' id='word_1_46' title='bbox 988 687 1192 734; x_wconf 85' lang='lat' dir='ltr'><strong>superstes</strong></span> <span class='ocrx_word' id='word_1_47' title='bbox 1230 681 1465 722; x_wconf 81' lang='lat' dir='ltr'><strong>Salahadini</strong></span> <span class='ocrx_word' id='word_1_48' title='bbox 1501 682 1650 723; x_wconf 89' lang='lat' dir='ltr'><strong>terrori</strong></span> 
     </span>
     <span class='ocr_line' id='line_1_8' title="bbox 303 747 1650 802; baseline -0.001 -13"><span class='ocrx_word' id='word_1_49' title='bbox 303 762 462 802; x_wconf 87' lang='lat' dir='ltr'><strong>semper</strong></span> <span class='ocrx_word' id='word_1_50' title='bbox 491 750 708 790; x_wconf 81' lang='lat' dir='ltr'><strong>exstiterat</strong></span> <span class='ocrx_word' id='word_1_51' title='bbox 739 748 920 800; x_wconf 92' lang='lat' dir='ltr'><strong>imperio,</strong></span> <span class='ocrx_word' id='word_1_52' title='bbox 960 747 1202 793; x_wconf 83' lang='lat' dir='ltr'><strong>dirueretur,</strong></span> <span class='ocrx_word' id='word_1_53' title='bbox 1237 761 1263 788; x_wconf 89' lang='lat' dir='ltr'><strong>a</strong></span> <span class='ocrx_word' id='word_1_54' title='bbox 1293 747 1406 790; x_wconf 91' lang='lat' dir='ltr'><strong>nullo</strong></span> <span class='ocrx_word' id='word_1_55' title='bbox 1438 747 1650 789; x_wconf 89' lang='lat' dir='ltr'><strong>hominum</strong></span> 
     </span>
     <span class='ocr_line' id='line_1_9' title="bbox 301 813 1652 868; baseline -0.001 -13"><span class='ocrx_word' id='word_1_56' title='bbox 301 814 526 868; x_wconf 90' lang='lat' dir='ltr'><strong>reparanda</strong></span> <span class='ocrx_word' id='word_1_57' title='bbox 543 820 638 855; x_wconf 88' lang='lat' dir='ltr'><strong>ante</strong></span> <span class='ocrx_word' id='word_1_58' title='bbox 658 813 878 854; x_wconf 85' lang='lat' dir='ltr'><strong>terminum</strong></span> <span class='ocrx_word' id='word_1_59' title='bbox 898 813 1023 853; x_wconf 89' lang='lat' dir='ltr'><strong>trium</strong></span> <span class='ocrx_word' id='word_1_60' title='bbox 1043 826 1254 858; x_wconf 89' lang='lat' dir='ltr'><strong>annorum,</strong></span> <span class='ocrx_word' id='word_1_61' title='bbox 1275 813 1327 853; x_wconf 92' lang='lat' dir='ltr'><strong>ad</strong></span> <span class='ocrx_word' id='word_1_62' title='bbox 1346 813 1500 854; x_wconf 84' lang='lat' dir='ltr'><strong>Pascha</strong></span> <span class='ocrx_word' id='word_1_63' title='bbox 1517 813 1652 867; x_wconf 85' lang='lat' dir='ltr'><strong>proxi-</strong></span> 
     </span>
     <span class='ocr_line' id='line_1_10' title="bbox 300 878 1650 933; baseline -0.001 -13"><span class='ocrx_word' id='word_1_64' title='bbox 300 894 413 920; x_wconf 88' lang='lat' dir='ltr'><strong>mum</strong></span> <span class='ocrx_word' id='word_1_65' title='bbox 431 881 739 933; x_wconf 87' lang='lat' dir='ltr'><strong>incipientium:</strong></span> <span class='ocrx_word' id='word_1_66' title='bbox 769 878 840 919; x_wconf 89' lang='lat' dir='ltr'><strong>sed</strong></span> <span class='ocrx_word' id='word_1_67' title='bbox 863 884 956 932; x_wconf 91' lang='lat' dir='ltr'><strong>post</strong></span> <span class='ocrx_word' id='word_1_68' title='bbox 984 883 1068 918; x_wconf 89' lang='lat' dir='ltr'><strong>tres</strong></span> <span class='ocrx_word' id='word_1_69' title='bbox 1094 892 1221 919; x_wconf 89' lang='lat' dir='ltr'><strong>annos</strong></span> <span class='ocrx_word' id='word_1_70' title='bbox 1246 878 1431 932; x_wconf 89' lang='lat' dir='ltr'><strong>quisquis</strong></span> <span class='ocrx_word' id='word_1_71' title='bbox 1450 879 1650 932; x_wconf 78' lang='lat' dir='ltr'><strong>superiori</strong></span> 
     </span>
     <span class='ocr_line' id='line_1_11' title="bbox 299 943 1648 999; baseline -0.001 -13"><span class='ocrx_word' id='word_1_72' title='bbox 299 947 457 999; x_wconf 83' lang='lat' dir='ltr'><strong>vigeret</strong></span> <span class='ocrx_word' id='word_1_73' title='bbox 494 946 688 999; x_wconf 86' lang='lat' dir='ltr'><strong>potentia,</strong></span> <span class='ocrx_word' id='word_1_74' title='bbox 729 945 889 985; x_wconf 89' lang='lat' dir='ltr'><strong>cederet</strong></span> <span class='ocrx_word' id='word_1_75' title='bbox 921 944 1096 984; x_wconf 90' lang='lat' dir='ltr'><strong>Ascalon</strong></span> <span class='ocrx_word' id='word_1_76' title='bbox 1134 958 1223 985; x_wconf 89' lang='lat' dir='ltr'><strong>eam</strong></span> <span class='ocrx_word' id='word_1_77' title='bbox 1260 944 1488 997; x_wconf 85' lang='lat' dir='ltr'><strong>occupanti.</strong></span> <span class='ocrx_word' id='word_1_78' title='bbox 1545 943 1648 985; x_wconf 82' lang='lat' dir='ltr'><strong>Con-</strong></span> 
     </span>
     <span class='ocr_line' id='line_1_12' title="bbox 299 1009 1651 1062; baseline -0.001 -10"><span class='ocrx_word' id='word_1_79' title='bbox 299 1012 420 1052; x_wconf 84' lang='lat' dir='ltr'><strong>cessit</strong></span> <span class='ocrx_word' id='word_1_80' title='bbox 439 1012 562 1052; x_wconf 90' lang='lat' dir='ltr'><strong>etiam</strong></span> <span class='ocrx_word' id='word_1_81' title='bbox 581 1010 848 1050; x_wconf 86' lang='lat' dir='ltr'><strong>Salahadinus</strong></span> <span class='ocrx_word' id='word_1_82' title='bbox 867 1014 916 1049; x_wconf 91' lang='lat' dir='ltr'><strong>ut</strong></span> <span class='ocrx_word' id='word_1_83' title='bbox 934 1010 962 1049; x_wconf 84' lang='lat' dir='ltr'>J</span> <span class='ocrx_word' id='word_1_84' title='bbox 964 1023 1067 1062; x_wconf 91' lang='lat' dir='ltr'><strong>oppe</strong></span> <span class='ocrx_word' id='word_1_85' title='bbox 1086 1013 1384 1050; x_wconf 91' lang='lat' dir='ltr'><strong>restauraretur</strong></span> <span class='ocrx_word' id='word_1_86' title='bbox 1402 1009 1651 1051; x_wconf 77' lang='lat' dir='ltr'><strong>Christicolis</strong></span> 
     </span>
     <span class='ocr_line' id='line_1_13' title="bbox 300 1074 1647 1128; baseline 0.001 -15"><span class='ocrx_word' id='word_1_87' title='bbox 300 1074 425 1117; x_wconf 90' lang='lat' dir='ltr'><strong>libere</strong></span> <span class='ocrx_word' id='word_1_88' title='bbox 454 1081 497 1117; x_wconf 90' lang='lat' dir='ltr'><strong>et</strong></span> <span class='ocrx_word' id='word_1_89' title='bbox 524 1076 661 1128; x_wconf 89' lang='lat' dir='ltr'><strong>quiete</strong></span> <span class='ocrx_word' id='word_1_90' title='bbox 688 1074 966 1122; x_wconf 87' lang='lat' dir='ltr'><strong>inhabitanda,</strong></span> <span class='ocrx_word' id='word_1_91' title='bbox 988 1088 1080 1115; x_wconf 91' lang='lat' dir='ltr'><strong>cum</strong></span> <span class='ocrx_word' id='word_1_92' title='bbox 1107 1075 1295 1115; x_wconf 88' lang='lat' dir='ltr'><strong>universa</strong></span> <span class='ocrx_word' id='word_1_93' title='bbox 1319 1075 1484 1128; x_wconf 87' lang='lat' dir='ltr'><strong>regione</strong></span> <span class='ocrx_word' id='word_1_94' title='bbox 1503 1075 1647 1125; x_wconf 86' lang='lat' dir='ltr'><strong>vicina,</strong></span> 
     </span>
     <span class='ocr_line' id='line_1_14' title="bbox 301 1139 1651 1182; baseline -0.001 0"><span class='ocrx_word' id='word_1_95' title='bbox 301 1142 398 1182; x_wconf 90' lang='lat' dir='ltr'><strong>locis</strong></span> <span class='ocrx_word' id='word_1_96' title='bbox 426 1142 642 1182; x_wconf 84' lang='lat' dir='ltr'><strong>maritimis</strong></span> <span class='ocrx_word' id='word_1_97' title='bbox 671 1146 713 1181; x_wconf 90' lang='lat' dir='ltr'><strong>et</strong></span> <span class='ocrx_word' id='word_1_98' title='bbox 741 1141 956 1181; x_wconf 87' lang='lat' dir='ltr'><strong>montanis.</strong></span> <span class='ocrx_word' id='word_1_99' title='bbox 1015 1139 1343 1180; x_wconf 88' lang='lat' dir='ltr'><strong>Confirmandam</strong></span> <span class='ocrx_word' id='word_1_100' title='bbox 1369 1139 1493 1180; x_wconf 90' lang='lat' dir='ltr'><strong>etiam</strong></span> <span class='ocrx_word' id='word_1_101' title='bbox 1511 1140 1651 1181; x_wconf 82' lang='lat' dir='ltr'><strong>sanxit</strong></span> 
     </span>
     <span class='ocr_line' id='line_1_15' title="bbox 300 1204 1652 1260; baseline -0.001 -13"><span class='ocrx_word' id='word_1_102' title='bbox 300 1207 575 1248; x_wconf 89' lang='lat' dir='ltr'><strong>inviolandam</strong></span> <span class='ocrx_word' id='word_1_103' title='bbox 613 1220 751 1260; x_wconf 88' lang='lat' dir='ltr'><strong>pacem</strong></span> <span class='ocrx_word' id='word_1_104' title='bbox 787 1206 896 1246; x_wconf 89' lang='lat' dir='ltr'><strong>inter</strong></span> <span class='ocrx_word' id='word_1_105' title='bbox 933 1204 1194 1246; x_wconf 86' lang='lat' dir='ltr'><strong>Christicolas</strong></span> <span class='ocrx_word' id='word_1_106' title='bbox 1232 1210 1276 1245; x_wconf 90' lang='lat' dir='ltr'><strong>et</strong></span> <span class='ocrx_word' id='word_1_107' title='bbox 1311 1205 1541 1254; x_wconf 75' lang='lat' dir='ltr'><strong>Saracenos,</strong></span> <span class='ocrx_word' id='word_1_108' title='bbox 1577 1205 1652 1246; x_wconf 84' lang='lat' dir='ltr'><strong>sal-</strong></span> 
     </span>
     <span class='ocr_line' id='line_1_16' title="bbox 300 1270 1649 1326; baseline -0.001 -13"><span class='ocrx_word' id='word_1_109' title='bbox 300 1286 478 1326; x_wconf 87' lang='lat' dir='ltr'><strong>vumque</strong></span> <span class='ocrx_word' id='word_1_110' title='bbox 506 1278 771 1324; x_wconf 87' lang='lat' dir='ltr'><strong>utrorumque</strong></span> <span class='ocrx_word' id='word_1_111' title='bbox 799 1272 924 1311; x_wconf 88' lang='lat' dir='ltr'><strong>libere</strong></span> <span class='ocrx_word' id='word_1_112' title='bbox 953 1285 1024 1324; x_wconf 92' lang='lat' dir='ltr'><strong>per</strong></span> <span class='ocrx_word' id='word_1_113' title='bbox 1050 1272 1186 1311; x_wconf 86' lang='lat' dir='ltr'><strong>omnia</strong></span> <span class='ocrx_word' id='word_1_114' title='bbox 1212 1284 1297 1311; x_wconf 89' lang='lat' dir='ltr'><strong>esse</strong></span> <span class='ocrx_word' id='word_1_115' title='bbox 1323 1275 1514 1319; x_wconf 86' lang='lat' dir='ltr'><strong>meatum,</strong></span> <span class='ocrx_word' id='word_1_116' title='bbox 1535 1276 1578 1311; x_wconf 91' lang='lat' dir='ltr'><strong>et</strong></span> <span class='ocrx_word' id='word_1_117' title='bbox 1595 1270 1649 1311; x_wconf 88' lang='lat' dir='ltr'><strong>ad</strong></span> 
     </span>
     <span class='ocr_line' id='line_1_17' title="bbox 301 1336 1649 1390; baseline -0.001 -12"><span class='ocrx_word' id='word_1_118' title='bbox 301 1337 496 1378; x_wconf 85' lang='lat' dir='ltr'><strong>Sanctum</strong></span> <span class='ocrx_word' id='word_1_119' title='bbox 516 1338 777 1377; x_wconf 88' lang='lat' dir='ltr'><strong>Dominicum</strong></span> <span class='ocrx_word' id='word_1_120' title='bbox 804 1336 1043 1389; x_wconf 85' lang='lat' dir='ltr'><strong>Sepulcrum</strong></span> <span class='ocrx_word' id='word_1_121' title='bbox 1070 1336 1222 1389; x_wconf 89' lang='lat' dir='ltr'><strong>absque</strong></span> <span class='ocrx_word' id='word_1_122' title='bbox 1249 1337 1527 1389; x_wconf 83' lang='lat' dir='ltr'><strong>cujuscunque</strong></span> <span class='ocrx_word' id='word_1_123' title='bbox 1555 1349 1649 1390; x_wconf 86' lang='lat' dir='ltr'><strong>pen·</strong></span> 
     </span>
     <span class='ocr_line' id='line_1_18' title="bbox 301 1401 1649 1452; baseline 0 -10"><span class='ocrx_word' id='word_1_124' title='bbox 301 1403 423 1443; x_wconf 91' lang='lat' dir='ltr'><strong>sionis</strong></span> <span class='ocrx_word' id='word_1_125' title='bbox 461 1403 672 1443; x_wconf 85' lang='lat' dir='ltr'><strong>exactione</strong></span> <span class='ocrx_word' id='word_1_126' title='bbox 718 1415 931 1452; x_wconf 87' lang='lat' dir='ltr'><strong>accessum,</strong></span> <span class='ocrx_word' id='word_1_127' title='bbox 973 1407 1014 1442; x_wconf 91' lang='lat' dir='ltr'><strong>et</strong></span> <span class='ocrx_word' id='word_1_128' title='bbox 1055 1415 1147 1441; x_wconf 92' lang='lat' dir='ltr'><strong>cum</strong></span> <span class='ocrx_word' id='word_1_129' title='bbox 1193 1401 1383 1442; x_wconf 86' lang='lat' dir='ltr'><strong>libertate</strong></span> <span class='ocrx_word' id='word_1_130' title='bbox 1429 1401 1649 1442; x_wconf 87' lang='lat' dir='ltr'><strong>transitum</strong></span> 
     </span>
     <span class='ocr_line' id='line_1_19' title="bbox 300 1466 1648 1520; baseline -0.001 -12"><span class='ocrx_word' id='word_1_131' title='bbox 300 1468 630 1508; x_wconf 88' lang='lat' dir='ltr'><strong>deducendarum</strong></span> <span class='ocrx_word' id='word_1_132' title='bbox 660 1481 732 1520; x_wconf 93' lang='lat' dir='ltr'><strong>per</strong></span> <span class='ocrx_word' id='word_1_133' title='bbox 762 1466 922 1507; x_wconf 86' lang='lat' dir='ltr'><strong>omnem</strong></span> <span class='ocrx_word' id='word_1_134' title='bbox 960 1472 1110 1507; x_wconf 87' lang='lat' dir='ltr'><strong>terram</strong></span> <span class='ocrx_word' id='word_1_135' title='bbox 1149 1480 1480 1520; x_wconf 88' lang='lat' dir='ltr'><strong>quarumcunque</strong></span> <span class='ocrx_word' id='word_1_136' title='bbox 1511 1480 1648 1508; x_wconf 86' lang='lat' dir='ltr'><strong>rerum</strong></span> 
     </span>
     <span class='ocr_line' id='line_1_20' title="bbox 301 1532 1647 1583; baseline -0.001 -9"><span class='ocrx_word' id='word_1_137' title='bbox 301 1535 516 1583; x_wconf 89' lang='lat' dir='ltr'><strong>venalium,</strong></span> <span class='ocrx_word' id='word_1_138' title='bbox 539 1539 582 1574; x_wconf 93' lang='lat' dir='ltr'><strong>et</strong></span> <span class='ocrx_word' id='word_1_139' title='bbox 601 1533 825 1574; x_wconf 88' lang='lat' dir='ltr'><strong>exercenda</strong></span> <span class='ocrx_word' id='word_1_140' title='bbox 843 1533 970 1573; x_wconf 89' lang='lat' dir='ltr'><strong>libere</strong></span> <span class='ocrx_word' id='word_1_141' title='bbox 990 1533 1237 1573; x_wconf 90' lang='lat' dir='ltr'><strong>commercia.</strong></span> <span class='ocrx_word' id='word_1_142' title='bbox 1296 1532 1457 1572; x_wconf 87' lang='lat' dir='ltr'><strong>Harum</strong></span> <span class='ocrx_word' id='word_1_143' title='bbox 1475 1533 1647 1573; x_wconf 84' lang='lat' dir='ltr'><strong>formam</strong></span> 
     </span>
     <span class='ocr_line' id='line_1_21' title="bbox 300 1597 1647 1651; baseline -0.001 -12"><span class='ocrx_word' id='word_1_144' title='bbox 300 1600 553 1640; x_wconf 89' lang='lat' dir='ltr'><strong>induciarum</strong></span> <span class='ocrx_word' id='word_1_145' title='bbox 591 1600 633 1638; x_wconf 87' lang='lat' dir='ltr'><strong>in</strong></span> <span class='ocrx_word' id='word_1_146' title='bbox 672 1599 914 1651; x_wconf 86' lang='lat' dir='ltr'><strong>scripturam</strong></span> <span class='ocrx_word' id='word_1_147' title='bbox 952 1598 1168 1647; x_wconf 86' lang='lat' dir='ltr'><strong>redactam,</strong></span> <span class='ocrx_word' id='word_1_148' title='bbox 1209 1597 1287 1637; x_wconf 89' lang='lat' dir='ltr'><strong>sibi</strong></span> <span class='ocrx_word' id='word_1_149' title='bbox 1317 1598 1539 1646; x_wconf 88' lang='lat' dir='ltr'><strong>recitatam,</strong></span> <span class='ocrx_word' id='word_1_150' title='bbox 1572 1611 1647 1638; x_wconf 82' lang='lat' dir='ltr'><strong>rex</strong></span> 
     </span>
     <span class='ocr_line' id='line_1_22' title="bbox 300 1663 1646 1716; baseline -0.001 -11"><span class='ocrx_word' id='word_1_151' title='bbox 300 1665 497 1705; x_wconf 86' lang='lat' dir='ltr'><strong>Ricardus</strong></span> <span class='ocrx_word' id='word_1_152' title='bbox 526 1664 672 1704; x_wconf 90' lang='lat' dir='ltr'><strong>annuit</strong></span> <span class='ocrx_word' id='word_1_153' title='bbox 702 1663 1007 1713; x_wconf 86' lang='lat' dir='ltr'><strong>observandam,</strong></span> <span class='ocrx_word' id='word_1_154' title='bbox 1039 1663 1134 1716; x_wconf 90' lang='lat' dir='ltr'><strong>quia</strong></span> <span class='ocrx_word' id='word_1_155' title='bbox 1159 1663 1352 1702; x_wconf 90' lang='lat' dir='ltr'><strong>nimirum</strong></span> <span class='ocrx_word' id='word_1_156' title='bbox 1378 1676 1541 1716; x_wconf 90' lang='lat' dir='ltr'><strong>sperare</strong></span> <span class='ocrx_word' id='word_1_157' title='bbox 1563 1676 1646 1704; x_wconf 90' lang='lat' dir='ltr'><strong>non</strong></span> 
     </span>
     <span class='ocr_line' id='line_1_23' title="bbox 299 1728 1645 1784; baseline -0.001 -13"><span class='ocrx_word' id='word_1_158' title='bbox 299 1736 461 1784; x_wconf 90' lang='lat' dir='ltr'><strong>poterat</strong></span> <span class='ocrx_word' id='word_1_159' title='bbox 494 1732 706 1783; x_wconf 90' lang='lat' dir='ltr'><strong>potiorem,</strong></span> <span class='ocrx_word' id='word_1_160' title='bbox 744 1735 888 1782; x_wconf 91' lang='lat' dir='ltr'><strong>utpote</strong></span> <span class='ocrx_word' id='word_1_161' title='bbox 927 1743 1044 1783; x_wconf 85' lang='lat' dir='ltr'><strong>aeger,</strong></span> <span class='ocrx_word' id='word_1_162' title='bbox 1080 1737 1122 1769; x_wconf 89' lang='lat' dir='ltr'><strong>et</strong></span> <span class='ocrx_word' id='word_1_163' title='bbox 1160 1743 1281 1782; x_wconf 87' lang='lat' dir='ltr'><strong>quam</strong></span> <span class='ocrx_word' id='word_1_164' title='bbox 1319 1728 1477 1770; x_wconf 90' lang='lat' dir='ltr'><strong>modico</strong></span> <span class='ocrx_word' id='word_1_165' title='bbox 1514 1729 1645 1777; x_wconf 87' lang='lat' dir='ltr'><strong>fretus</strong></span> 
     </span>
     <span class='ocr_line' id='line_1_24' title="bbox 300 1794 1645 1847; baseline -0.001 -11"><span class='ocrx_word' id='word_1_166' title='bbox 300 1797 465 1843; x_wconf 87' lang='lat' dir='ltr'><strong>auxilio,</strong></span> <span class='ocrx_word' id='word_1_167' title='bbox 500 1801 541 1836; x_wconf 88' lang='lat' dir='ltr'><strong>et</strong></span> <span class='ocrx_word' id='word_1_168' title='bbox 579 1809 660 1835; x_wconf 88' lang='lat' dir='ltr'><strong>non</strong></span> <span class='ocrx_word' id='word_1_169' title='bbox 697 1809 862 1847; x_wconf 88' lang='lat' dir='ltr'><strong>prorsus</strong></span> <span class='ocrx_word' id='word_1_170' title='bbox 905 1795 1047 1834; x_wconf 88' lang='lat' dir='ltr'><strong>aberat</strong></span> <span class='ocrx_word' id='word_1_171' title='bbox 1088 1795 1139 1834; x_wconf 89' lang='lat' dir='ltr'><strong>ab</strong></span> <span class='ocrx_word' id='word_1_172' title='bbox 1177 1794 1433 1834; x_wconf 90' lang='lat' dir='ltr'><strong>inimicorum</strong></span> <span class='ocrx_word' id='word_1_173' title='bbox 1469 1795 1645 1835; x_wconf 86' lang='lat' dir='ltr'><strong>statione</strong></span> 
     </span>
     <span class='ocr_line' id='line_1_25' title="bbox 299 1859 1646 1912; baseline -0.001 -11"><span class='ocrx_word' id='word_1_174' title='bbox 299 1863 458 1902; x_wconf 87' lang='lat' dir='ltr'><strong>duobus</strong></span> <span class='ocrx_word' id='word_1_175' title='bbox 490 1861 701 1901; x_wconf 89' lang='lat' dir='ltr'><strong>milliariis.</strong></span> <span class='ocrx_word' id='word_1_176' title='bbox 760 1860 952 1912; x_wconf 75' lang='lat' dir='ltr'><strong>Quisquis</strong></span> <span class='ocrx_word' id='word_1_177' title='bbox 981 1874 1103 1912; x_wconf 89' lang='lat' dir='ltr'><strong>super</strong></span> <span class='ocrx_word' id='word_1_178' title='bbox 1135 1859 1258 1911; x_wconf 86' lang='lat' dir='ltr'><strong>hujus</strong></span> <span class='ocrx_word' id='word_1_179' title='bbox 1290 1859 1399 1912; x_wconf 89' lang='lat' dir='ltr'><strong>pacis</strong></span> <span class='ocrx_word' id='word_1_180' title='bbox 1433 1864 1646 1900; x_wconf 86' lang='lat' dir='ltr'><strong>contractu</strong></span> 
     </span>
     <span class='ocr_line' id='line_1_26' title="bbox 298 1924 1691 1978; baseline -0.002 -11"><span class='ocrx_word' id='word_1_181' title='bbox 298 1928 554 1968; x_wconf 86' lang='lat' dir='ltr'><strong>contenderit</strong></span> <span class='ocrx_word' id='word_1_182' title='bbox 573 1927 692 1966; x_wconf 87' lang='lat' dir='ltr'><strong>aliter</strong></span> <span class='ocrx_word' id='word_1_183' title='bbox 712 1926 981 1973; x_wconf 85' lang='lat' dir='ltr'><strong>sentiendum,</strong></span> <span class='ocrx_word' id='word_1_184' title='bbox 1003 1926 1182 1978; x_wconf 89' lang='lat' dir='ltr'><strong>perversi</strong></span> <span class='ocrx_word' id='word_1_185' title='bbox 1203 1924 1402 1965; x_wconf 89' lang='lat' dir='ltr'><strong>mendacii</strong></span> <span class='ocrx_word' id='word_1_186' title='bbox 1422 1939 1464 1965; x_wconf 92' lang='lat' dir='ltr'><strong>se</strong></span> <span class='ocrx_word' id='word_1_187' title='bbox 1484 1925 1645 1965; x_wconf 88' lang='lat' dir='ltr'><strong>noverit</strong></span> <span class='ocrx_word' id='word_1_188' title='bbox 1688 1952 1691 1955; x_wconf 92' lang='lat'><em>-</em></span> 
     </span>
    </p>
   </div>
   <div class='ocr_carea' id='block_1_3' title="bbox 298 1994 701 2033">
    <p class='ocr_par' dir='ltr' id='par_1_4' title="bbox 298 1994 701 2033">
     <span class='ocr_line' id='line_1_27' title="bbox 298 1994 701 2033; baseline -0.002 0"><span class='ocrx_word' id='word_1_189' title='bbox 298 1994 513 2033; x_wconf 90' lang='lat' dir='ltr'><strong>incurrisse</strong></span> <span class='ocrx_word' id='word_1_190' title='bbox 533 1997 701 2033; x_wconf 90' lang='lat' dir='ltr'><strong>reatum.</strong></span> 
     </span>
    </p>
   </div>
   <div class='ocr_carea' id='block_1_4' title="bbox 384 2112 1563 2178">
    <p class='ocr_par' dir='ltr' id='par_1_5' title="bbox 384 2112 1563 2178">
     <span class='ocr_line' id='line_1_28' title="bbox 384 2112 1563 2178; baseline -0.003 -13"><span class='ocrx_word' id='word_1_191' title='bbox 384 2117 478 2165; x_wconf 82' lang='lat' dir='ltr'><strong>He</strong></span> <span class='ocrx_word' id='word_1_192' title='bbox 512 2115 620 2164; x_wconf 80' lang='lat' dir='ltr'><strong>and</strong></span> <span class='ocrx_word' id='word_1_193' title='bbox 654 2113 870 2163; x_wconf 70' lang='lat' dir='ltr'><strong>Saladin</strong></span> <span class='ocrx_word' id='word_1_194' title='bbox 907 2113 1163 2178; x_wconf 70' lang='lat' dir='ltr'><strong>exc-hange</strong></span> <span class='ocrx_word' id='word_1_195' title='bbox 1203 2112 1563 2178; x_wconf 77' lang='lat' dir='ltr'><strong>Compliments.</strong></span> 
     </span>
    </p>
   </div>
   <div class='ocr_carea' id='block_1_5' title="bbox 298 2202 1647 2520">
    <p class='ocr_par' dir='ltr' id='par_1_6' title="bbox 298 2202 1647 2520">
     <span class='ocr_line' id='line_1_29' title="bbox 301 2202 1647 2258; baseline -0.004 -12"><span class='ocrx_word' id='word_1_196' title='bbox 301 2206 384 2246; x_wconf 82' lang='lat' dir='ltr'><strong>HIS</strong></span> <span class='ocrx_word' id='word_1_197' title='bbox 415 2206 476 2244; x_wconf 90' lang='lat' dir='ltr'><strong>ita</strong></span> <span class='ocrx_word' id='word_1_198' title='bbox 506 2205 643 2258; x_wconf 87' lang='lat' dir='ltr'><strong>gestis,</strong></span> <span class='ocrx_word' id='word_1_199' title='bbox 674 2204 717 2244; x_wconf 89' lang='lat' dir='ltr'><strong>in</strong></span> <span class='ocrx_word' id='word_1_200' title='bbox 743 2203 914 2243; x_wconf 87' lang='lat' dir='ltr'><strong>articulo</strong></span> <span class='ocrx_word' id='word_1_201' title='bbox 945 2203 1207 2251; x_wconf 85' lang='lat' dir='ltr'><strong>necessitatis,</strong></span> <span class='ocrx_word' id='word_1_202' title='bbox 1238 2215 1312 2241; x_wconf 90' lang='lat' dir='ltr'><strong>rex</strong></span> <span class='ocrx_word' id='word_1_203' title='bbox 1341 2202 1457 2253; x_wconf 82' lang='lat' dir='ltr'><strong>cujus</strong></span> <span class='ocrx_word' id='word_1_204' title='bbox 1485 2215 1647 2255; x_wconf 86' lang='lat' dir='ltr'><strong>magna—</strong></span> 
     </span>
     <span class='ocr_line' id='line_1_30' title="bbox 302 2267 1645 2322; baseline -0.004 -11"><span class='ocrx_word' id='word_1_205' title='bbox 302 2272 466 2311; x_wconf 88' lang='lat' dir='ltr'><strong>nimitas</strong></span> <span class='ocrx_word' id='word_1_206' title='bbox 517 2283 674 2322; x_wconf 89' lang='lat' dir='ltr'><strong>semper</strong></span> <span class='ocrx_word' id='word_1_207' title='bbox 724 2269 963 2308; x_wconf 87' lang='lat' dir='ltr'><strong>imitabatur</strong></span> <span class='ocrx_word' id='word_1_208' title='bbox 1010 2267 1240 2315; x_wconf 85' lang='lat' dir='ltr'><strong>excelsiora,</strong></span> <span class='ocrx_word' id='word_1_209' title='bbox 1289 2267 1458 2307; x_wconf 90' lang='lat' dir='ltr'><strong>moliens</strong></span> <span class='ocrx_word' id='word_1_210' title='bbox 1505 2267 1645 2316; x_wconf 86' lang='lat' dir='ltr'><strong>ardua,</strong></span> 
     </span>
     <span class='ocr_line' id='line_1_31' title="bbox 299 2331 1644 2387; baseline -0.004 -11"><span class='ocrx_word' id='word_1_211' title='bbox 299 2336 490 2376; x_wconf 86' lang='lat' dir='ltr'><strong>aemulans</strong></span> <span class='ocrx_word' id='word_1_212' title='bbox 509 2349 675 2383; x_wconf 90' lang='lat' dir='ltr'><strong>summa,</strong></span> <span class='ocrx_word' id='word_1_213' title='bbox 697 2334 828 2373; x_wconf 84' lang='lat' dir='ltr'><strong>missis</strong></span> <span class='ocrx_word' id='word_1_214' title='bbox 844 2333 988 2387; x_wconf 88' lang='lat' dir='ltr'><strong>legatis</strong></span> <span class='ocrx_word' id='word_1_215' title='bbox 1003 2333 1213 2372; x_wconf 84' lang='lat' dir='ltr'><strong>mandavit</strong></span> <span class='ocrx_word' id='word_1_216' title='bbox 1233 2331 1477 2372; x_wconf 84' lang='lat' dir='ltr'><strong>Salahadino</strong></span> <span class='ocrx_word' id='word_1_217' title='bbox 1495 2331 1644 2380; x_wconf 88' lang='lat' dir='ltr'><strong>dicens,</strong></span> 
     </span>
     <span class='ocr_line' id='line_1_32' title="bbox 298 2396 1646 2452; baseline -0.003 -11"><span class='ocrx_word' id='word_1_218' title='bbox 298 2401 557 2441; x_wconf 86' lang='lat' dir='ltr'><strong>audientibus</strong></span> <span class='ocrx_word' id='word_1_219' title='bbox 586 2400 757 2452; x_wconf 90' lang='lat' dir='ltr'><strong>satrapis</strong></span> <span class='ocrx_word' id='word_1_220' title='bbox 786 2399 935 2447; x_wconf 89' lang='lat' dir='ltr'><strong>multis,</strong></span> <span class='ocrx_word' id='word_1_221' title='bbox 958 2413 1000 2439; x_wconf 88' lang='lat' dir='ltr'><strong>se</strong></span> <span class='ocrx_word' id='word_1_222' title='bbox 1028 2403 1191 2438; x_wconf 87' lang='lat' dir='ltr'><strong>tantum</strong></span> <span class='ocrx_word' id='word_1_223' title='bbox 1220 2412 1267 2438; x_wconf 88' lang='lat' dir='ltr'><strong>ea</strong></span> <span class='ocrx_word' id='word_1_224' title='bbox 1285 2397 1520 2437; x_wconf 69' lang='lat' dir='ltr'><strong>intentione</strong></span> <span class='ocrx_word' id='word_1_225' title='bbox 1543 2396 1646 2438; x_wconf 87' lang='lat' dir='ltr'><strong>tales</strong></span> 
     </span>
     <span class='ocr_line' id='line_1_33' title="bbox 298 2463 1646 2520; baseline -0.004 -13"><span class='ocrx_word' id='word_1_226' title='bbox 298 2466 498 2520; x_wconf 85' lang='lat' dir='ltr'><strong>expetisse</strong></span> <span class='ocrx_word' id='word_1_227' title='bbox 527 2479 601 2518; x_wconf 90' lang='lat' dir='ltr'><strong>pro</strong></span> <span class='ocrx_word' id='word_1_228' title='bbox 634 2471 816 2517; x_wconf 87' lang='lat' dir='ltr'><strong>tempore</strong></span> <span class='ocrx_word' id='word_1_229' title='bbox 846 2464 1028 2504; x_wconf 90' lang='lat' dir='ltr'><strong>inducias</strong></span> <span class='ocrx_word' id='word_1_230' title='bbox 1060 2463 1103 2503; x_wconf 90' lang='lat' dir='ltr'><strong>in</strong></span> <span class='ocrx_word' id='word_1_231' title='bbox 1134 2468 1217 2502; x_wconf 89' lang='lat' dir='ltr'><strong>tres</strong></span> <span class='ocrx_word' id='word_1_232' title='bbox 1253 2476 1390 2510; x_wconf 86' lang='lat' dir='ltr'><strong>annos,</strong></span> <span class='ocrx_word' id='word_1_233' title='bbox 1424 2474 1565 2502; x_wconf 87' lang='lat' dir='ltr'><strong>revera</strong></span> <span class='ocrx_word' id='word_1_234' title='bbox 1597 2467 1646 2502; x_wconf 87' lang='lat' dir='ltr'><strong>ut</strong></span> 
     </span>
    </p>
   </div>
  </div>
 </body>
</html>
