1708 2684
413 174 799 217 ITINERARIUM
829 174 995 216 REGIS
1023 171 1259 215 RIOARDI
1460 173 1511 211 39

163 295 393 338 claritudini
412 297 576 347 inimica
587 301 916 350 corrumpantur.
974 295 1082 346 Quid
1102 299 1242 335 autem
1261 307 1334 347 per
1354 292 1516 347 singula

165 363 442 404 numeranda?
486 363 539 403 ad
576 361 899 417 aggrediendum
936 361 1016 401 iter
1063 374 1105 401 se
1153 359 1326 400 sollicite
1364 357 1517 412 singuli

166 429 401 481 expediunt,
439 428 564 469 nullis
604 442 678 469 nec
714 427 855 468 hostili
898 426 1132 468 occursione
1172 423 1412 466 retardandi
1450 423 1518 464 ob-

167 492 340 544 staculis,
387 493 514 535 verba
560 493 728 546 quidem
773 493 1012 546 jactitantes
1059 491 1336 546 magniloqua,
1374 489 1518 530 invitis

169 557 372 603 Saracenis
401 573 443 600 se
471 559 786 613 praemasticant,
817 558 914 599 olim
942 558 1135 599 devotam
1165 561 1518 598 consummat-,uros

168 620 549 678 peregrinationem.

190 838 361 903 Army
396 836 608 888 Council
639 836 834 887 decides
868 826 977 885 that
1013 834 1242 885 Ascalon
1279 841 1408 884 must
1444 833 1501 884 be

738 914 960 966 Rebuz'lt.

173 1023 308 1064 ANNO
336 1023 460 1076 igitur
478 1023 646 1064 Domini
665 1021 934 1068 m0c0xc⁰ii¹¹d0,
955 1027 1048 1074 post
1066 1020 1337 1074 Epiphaniam
1357 1018 1526 1059 Domini

174 1102 258 1130 non
295 1087 432 1128 multis
469 1089 645 1130 evolutis
683 1088 840 1134 diebus,
872 1091 1012 1127 coacto
1050 1086 1220 1127 consilio
1258 1085 1525 1137 sapientiores

257 1190 344 1222 1192
442 1155 606 1204 iterum,
628 1159 676 1196 ut
695 1153 975 1208 supradictum
995 1158 1068 1202 est,
1090 1153 1200 1192 inter
1228 1165 1271 1192 se
1291 1156 1526 1191 statuerunt

258 1212 354 1273 Rs}
446 1221 717 1269 tractandum,
751 1220 889 1261 ascitis
922 1219 1047 1259 etiam
1079 1217 1386 1258 discretioribus
1418 1216 1527 1256 illius

212 1288 269 1322 PP·
289 1279 401 1310 308-9.
449 1295 564 1327 terrae
593 1286 788 1334 oriundis,
811 1291 951 1325 utrum
980 1283 1194 1338 expediret
1213 1283 1279 1323 vel
1308 1282 1527 1335 procedere

177 1369 318 1396 versus
345 1354 550 1395 civitatem
578 1351 809 1392 Jerusalem
839 1350 1165 1404 expugnandam,
1188 1348 1254 1389 vel
1273 1348 1373 1388 alias
1393 1348 1528 1388 diver-

178 1426 279 1462 tere.
338 1419 621 1473 Allegantibus
650 1418 790 1470 itaque
819 1415 1108 1469 Hospitalariis
1137 1420 1180 1455 et
1210 1413 1453 1467 Templariis
1486 1418 1530 1453 et

178 1487 356 1534 Polanis‚
371 1492 418 1526 ut
437 1474 592 1526 dictum
612 1490 674 1524 est
693 1483 890 1537 superius,
913 1482 1035 1522 variis
1054 1481 1284 1521 nitentibus
1302 1479 1529 1520 rationibus

179 1553 232 1594 ad
264 1553 307 1593 id
340 1552 559 1605 plurimum
592 1550 846 1597 facientibus,
882 1548 1110 1588 dissuasum
1145 1552 1208 1587 est
1242 1546 1411 1586 omnino
1441 1558 1530 1598 pro-

180 1618 459 1674 grediendum,
500 1617 624 1656 immo
666 1614 876 1654 Ascalonae
919 1613 1078 1654 civitati
1120 1612 1258 1664 potius
1295 1611 1533 1651 insisterent

180 1683 482 1731 reaedificandae,
501 1687 700 1736 quatenus
715 1681 772 1720 ibi
786 1680 984 1719 transitus
1003 1679 1291 1719 observaretur
1304 1677 1531 1717 Turcorum

182 1765 207 1791 a
236 1749 463 1803 Babylonia
488 1761 628 1788 versus
658 1745 888 1786 Jerusalem
918 1744 1070 1785 cibaria
1099 1743 1363 1796 portantium.
1423 1741 1532 1782 Huic

184 1816 351 1857 tandem
378 1814 591 1855 sententiae
619 1814 662 1853 in
690 1824 905 1852 commune
937 1814 1171 1850 annuerunt
1204 1809 1392 1861 majores,
1422 1807 1534 1860 quod

183 1883 321 1938 potius
341 1881 552 1934 expediret
570 1885 669 1920 tunc
688 1877 883 1930 temporis
897 1875 1135 1917 Ascalonem
1153 1888 1179 1914 a
1192 1874 1334 1914 Turcis
1353 1878 1537 1927 ereptam

184 1948 437 1996 reaedificare,
453 1952 508 1994 et,
524 1959 575 1985 ne
588 1943 769 1984 liberiori
785 1941 963 1982 transitu
974 1940 1097 1980 Turci
1111 1940 1339 1994 gauderent
1351 1939 1534 1986 ulterius,

185 2013 338 2054 ibidem
374 2013 600 2052 observare.
679 2009 815 2062 Igitur
852 2021 945 2048 cum
988 2008 1073 2059 jam
1112 2019 1254 2046 revera
1288 2005 1538 2045 innotuisset

186 2079 382 2120 exercitui
397 2077 659 2131 regressionis
673 2076 894 2122 decretum,
910 2073 1024 2126 plebs
1038 2071 1312 2112 inaestimabili
1327 2072 1540 2112 contabuit

189 2144 383 2185 moestitia
396 2160 406 2194 3
435 2147 607 2197 gemunt
633 2154 774 2181 omnes
803 2144 846 2179 et
871 2139 1091 2191 suspirant,
1111 2151 1225 2190 spem
1245 2150 1395 2185 eorum,
1419 2150 1540 2189 quam

189 2211 274 2251 alto
293 2210 412 2251 corde
432 2213 700 2261 conceperant
726 2206 777 2246 de
798 2204 1014 2245 Dominico
1033 2203 1238 2244 visitando
1263 2202 1460 2255 sepulcro,
1484 2203 1544 2242 ita

190 2282 357 2329 repente
376 2276 500 2315 fuisse
519 2274 739 2327 praecisam.
797 2271 1020 2310 Imminens
1046 2270 1187 2321 itaque
1212 2269 1384 2308 tristitia
1401 2281 1543 2321 praece-

191 2341 357 2382 dentem
394 2340 446 2380 de
484 2335 783 2392 progrediendo
820 2334 1006 2375 laetitiam
1044 2346 1209 2385 prorsus
1247 2332 1469 2381 absorbuit,
1504 2338 1545 2372 et
