1708 2684
404 210 795 275 ITINERARIUM
824 232 991 273 REGIS
1019 230 1255 273 RICARDI
1456 230 1506 271 47

155 354 323 410 quidem
349 355 402 396 de
422 349 561 397 Musse
586 355 638 396 de
666 369 778 396 more
804 355 1066 396 haereditario
1092 367 1214 407 quam
1240 352 1438 406 plurimos
1465 352 1509 392 in

156 421 351 475 obsequio
379 435 453 462 suo
482 421 587 462 solet
615 421 787 463 educare
813 434 960 475 pueros
987 420 1143 461 nobiles
1171 420 1214 460 in
1242 419 1396 472 palatio
1422 431 1508 467 suo,

157 499 258 541 quos
303 486 450 528 docere
495 487 597 528 facit
634 501 796 528 omnem
834 487 1095 540 prudentiam
1132 491 1175 526 et
1206 485 1434 526 doctrinam
1468 487 1512 524 et

155 551 319 593 diverso
329 553 489 593 ‘instrui
502 552 711 600 idiomate,
724 558 928 606 quatenus
947 552 1178 604 ubicunque
1199 557 1403 592 terrarum
1422 550 1509 590 sine

158 617 383 672 interprete
402 618 445 658 in
465 619 575 659 omni
594 623 718 672 gente
737 632 780 660 se
800 619 993 659 noverint
1010 618 1269 659 familiariter
1287 630 1438 670 gerere.

409 808 517 859 lee
553 807 759 859 Frenck
789 808 997 859 slander
1031 806 1274 858 Richard.

158 908 289 949 ΕΧΙΙΤ
326 908 434 950 enim
465 910 692 949 susurrium
724 923 749 950 a
777 909 1022 962 quibusdam
1053 909 1231 957 Francis,
1262 907 1511 948 Francorum

158 974 387 1028 nequitiam
423 975 497 1015 tali
534 975 697 1015 fictione
734 975 870 1016 velare
909 975 1163 1029 putantibus,
1202 973 1344 1027 lingua
1380 974 1515 1013 virosa

458 1041 690 1090 confictum,
713 1041 856 1081 sibilus
886 1041 1040 1082 scilicet
1063 1040 1220 1080 invisus
1248 1039 1513 1092 popularibus

171 1095 401 1172 R8u922‘341
456 1107 623 1147 auribus
652 1107 824 1155 infusus,
853 1107 964 1160 quod
992 1120 1067 1147 rex
1099 1106 1298 1146 Ricardus
1325 1105 1514 1158 nequiter

203 1162 211 1171 ⁸
243 1163 268 1180 ''
285 1148 318 1182 p·
406 1162 414 1170 ⁵
460 1177 750 1225 procuraverat
787 1178 960 1213 mortem
1004 1172 1210 1220 Marcffisi,
1249 1176 1293 1211 et
1329 1170 1514 1211 mercede

161 1236 384 1278 conductos
413 1237 677 1277 Hausassisos
705 1237 757 1278 ad
786 1237 831 1277 id
859 1237 1063 1292 agendum
1091 1237 1195 1277 duos
1221 1235 1313 1276 illos
1336 1235 1513 1276 destina-

162 1302 530 1344 verathomioidas.
589 1303 624 1343 O
640 1302 745 1343 livor
756 1303 921 1343 infamis
940 1306 947 1342 !
978 1316 1136 1356 semper
1151 1316 1320 1354 carpens
1333 1302 1512 1351 meliora,

161 1367 287 1408 dente
317 1369 522 1409 corrosivo
546 1368 698 1409 bonum
727 1369 843 1418 zelat,
866 1374 909 1409 et
931 1383 1053 1421 quam
1082 1368 1226 1421 nequit
1255 1368 1515 1421 exstinguere

165 1433 452 1474 claritudinem
467 1439 676 1487 gestorum
696 1434 877 1475 intendit
894 1434 1119 1488 denigrare.

222 1536 301 1577 The
337 1537 478 1578 Franci»
515 1537 615 1578 chose
650 1539 768 1579 Coum
805 1538 940 1590 Hemy
977 1538 1022 1590 os
1053 1538 1293 1589 Champaqne
1332 1537 1441 1588 Χίης]
1474 1537 1517 1576 in

166 1603 348 1643 Gomad’s
377 1603 498 1656 place,
533 1604 612 1644 and
650 1604 819 1644 Richard
858 1605 1025 1657 accepted
1068 1604 1162 1644 their
1203 1604 1334 1643 choice.
1392 1604 1516 1644 Oount

164 1669 329 1722 Hewry’s
346 1670 439 1722 qain
458 1683 547 1718 was,
567 1671 737 1720 however,
759 1671 867 1722 Kinq
886 1671 1003 1723 Guy’s
1022 1671 1108 1711 loss.

467 1839 747 1890 Character
782 1838 837 1903 of
876 1839 1034 1905 Isz‘ng
1071 1839 1215 1904 Gay.

169 1938 314 1979 MILES
333 1943 423 1979 erat
441 1940 764 1993 probatissimus.
821 1940 1030 1981 Achonem
1059 1940 1249 1992 primitus
1267 1954 1292 1979 a
1312 1939 1522 1980 Saracenis

170 2009 406 2058 occupatam
426 2007 703 2047 strenuissime
724 2006 895 2056 obsedit,
918 2012 960 2046 et
986 2006 1143 2046 diutius
1162 2007 1428 2058 oppugnavit,
1450 2006 1521 2046 sed

251 2105 337 2137 1192
440 2071 666 2112 Turcorum
711 2073 867 2126 jugiter
913 2075 1118 2112 crescente
1170 2071 1450 2119 multitudine,
1499 2085 1523 2111 a

252 2128 349 2188 R.S‚‚'
439 2143 555 2190 parte
580 2138 741 2178 marina
769 2151 1003 2191 expugnare
1029 2151 1111 2178 non
1137 2137 1363 2190 praevaluit,
1385 2151 1519 2190 quam,

202 2202 259 2235 PP·
280 2193 392 2226 3⁵⁰4·
441 2204 548 2244 sicut
575 2210 848 2257 praenotatum
878 2209 951 2251 est,
983 2204 1055 2243 vix
1082 2203 1166 2243 duo
1193 2216 1309 2257 reges
1338 2203 1522 2244 obtinere

172 2273 404 2322 potuerant.
461 2269 675 2322 Numquid
708 2270 840 2310 virtus
871 2269 1144 2322 simplicitatis
1178 2269 1403 2309 obtinendo
1439 2270 1522 2322 juri

173 2348 247 2375 suo
275 2334 407 2374 eidem
435 2334 579 2375 debuit
606 2336 771 2376 obesse'l
825 2335 886 2375 Eo
915 2335 1108 2375 nimirum
1127 2335 1211 2387 jam
1240 2335 1442 2374 saecularis
1462 2336 1521 2375 in-

173 2399 308 2440 valuit
325 2414 483 2441 summa
500 2402 796 2453 perversitatis,
817 2406 864 2442 ut
882 2401 917 2441 is
936 2401 1144 2454 amplioris
1159 2405 1374 2454 reputetur
1392 2400 1523 2454 gloria
