1708 2684
356 244 406 281 62
607 243 992 284 ITINERARIUM
1020 244 1183 285 REGIS
1211 244 1446 287 RICARDI

350 364 445 416 plici
474 370 517 405 et
543 365 695 406 devoto
722 380 797 418 pro
817 366 895 407 Dei
923 379 1059 407 amore
1089 367 1184 407 huic
1213 381 1256 407 se
1285 373 1560 420 exposuerant
1586 379 1696 422 pere-

350 430 581 482 grinationi.
658 432 798 479 Porro,
837 432 1023 472 nonnulli
1069 433 1278 486 insipienti
1326 433 1575 474 verbositate
1609 439 1698 488 gar·

352 497 516 544 flentes,
546 503 687 549 postea
716 498 900 538 solebant
931 499 1219 551 improperare,
1247 498 1430 539 dicentes
1463 499 1697 554 peregrinos

349 561 440 602 illos
459 563 662 603 modicum
683 563 782 615 quid
804 564 1021 616 profecisse
1044 564 1086 603 in
1115 570 1224 604 terra
1252 564 1322 604 illa
1342 563 1373 605 J
1374 564 1692 614 erosolimorum,

350 627 530 667 nondum
549 634 787 681 recuperata
797 628 1035 679 Jerusalem,
1051 630 1277 670 nescientes
1297 629 1397 682 quid
1418 630 1695 683 loquerentur,

350 694 445 745 quia
482 708 602 747 super
638 695 791 748 ignotis
838 695 1133 736 contenderent
1179 700 1222 736 et
1266 696 1503 748 inexpertis.
1565 695 1696 737 Nobis

349 765 486 800 autem
510 761 757 801 arbitramur
776 775 862 802 esse
887 761 1144 810 credendum,
1167 762 1237 814 qui
1263 761 1440 802 vidimus
1466 767 1509 802 et
1535 762 1697 815 experti

350 840 497 875 sumus,
521 840 621 878 quas
641 826 700 866 illi
721 828 1003 867 sustinuerant
1021 827 1306 868 tribulationes
1327 836 1369 868 et
1388 828 1611 881 angustias.

433 942 733 1007 Departure
774 940 831 1004 of
862 942 942 992 the
985 943 1187 1002 Queens
1225 943 1335 992 and
1368 942 1609 993 Richard.

350 1030 436 1070 DIE
464 1031 570 1071 festo
590 1031 729 1072 Sancti
749 1033 961 1072 Michaelis
980 1032 1072 1073 duae
1098 1033 1259 1086 reginae,
1277 1033 1431 1074 scilicet
1449 1032 1695 1087 Berengaria

662 1097 803 1151 regina
822 1098 981 1152 Angliae
1001 1112 1106 1139 uxor
1125 1099 1231 1152 regis
1246 1098 1424 1146 Ricardi,
1443 1103 1488 1139 et
1504 1097 1534 1138 J
1535 1099 1694 1139 ohanna

659 1163 864 1214 quondam
893 1164 1033 1216 regina
1061 1163 1219 1212 Siciliae,
1241 1177 1354 1204 soror
1380 1166 1488 1217 regis
1515 1163 1691 1214 Ricardi,

660 1242 805 1268 navem
824 1229 1094 1268 ascenderunt
1112 1229 1221 1282 apud
1241 1229 1399 1269 Achon.
1455 1228 1534 1269 Die
1553 1227 1694 1270 Sancti

349 1294 538 1346 Dionysii
584 1294 768 1334 ascendit
815 1308 887 1334 rex
935 1294 1134 1334 Ricardus
1181 1308 1327 1334 navem
1373 1308 1612 1336 reversurus
1648 1295 1692 1335 in

349 1359 552 1412 Angliam.

542 1446 809 1496 Richard's
847 1445 1106 1496 Farewell
1142 1453 1193 1496 to
1234 1445 1503 1497 Palestine.

349 1536 419 1574 AD
438 1535 615 1575 siderum
635 1541 840 1588 respectus
859 1541 949 1575 tota
963 1535 1141 1575 curritur
1159 1540 1278 1575 nocte
1293 1547 1302 1581 ;
1333 1534 1576 1575 clarescente
1594 1547 1692 1575 vero

347 1601 413 1640 die
433 1601 620 1650 crastina,
642 1615 715 1640 rex
735 1600 916 1641 relictam
936 1606 1087 1640 terram
1106 1601 1183 1652 piis
1203 1607 1434 1652 respectans
1453 1599 1688 1649 luminibus,

658 1667 859 1706 meditans
897 1666 939 1705 in
977 1666 1156 1718 longum,
1190 1665 1453 1706 audientibus
1490 1665 1689 1718 pluribus,

656 1732 788 1771 oravit
807 1731 945 1771 dicens
961 1746 972 1780 3
1004 1736 1027 1753 “
1044 1730 1079 1770 Ο
1105 1736 1215 1771 terra
1237 1736 1389 1778 sancta,
1409 1730 1498 1771 Deo
1523 1736 1566 1772 te
1584 1744 1687 1771 com-

660 1802 683 1820 “
695 1796 856 1845 mendo,
896 1796 974 1846 Qui
1008 1796 1075 1848 pia
1104 1796 1187 1836 Sua
1218 1794 1352 1849 gratia
1388 1795 1489 1836 mihi
1525 1800 1688 1836 tantum

436 1153 532 1184 1192.

361 1193 456 1232 RS..
475 1206 508 1238 p.
527 1197 604 1228 441.

429 1722 524 1752 1192.

352 1763 448 1806 Rs„
466 1775 500 1807 p.
520 1766 597 1796 442.

350 1863 552 1903 “vivendi
591 1863 747 1902 tribuat
785 1863 975 1915 spatium,
1013 1866 1061 1901 ut
1105 1862 1148 1901 in
1186 1861 1442 1913 beneplacito
1479 1860 1563 1901 Suo
1609 1861 1687 1901 tibi

347 1934 370 1952 ‘⁴
386 1934 574 1980 praestem
593 1928 803 1975 auxilium,
827 1941 943 1980 spero
962 1926 1141 1978 quidem,
1162 1930 1211 1966 ut
1238 1939 1434 1979 propono,
1455 1926 1532 1966 tibi
1559 1939 1694 1979 quam·

347 1995 518 2047 “doque
538 1992 805 2034 succurrere.''
861 1992 937 2032 His
956 1992 1077 2031 dictis
1100 1996 1246 2031 nautas
1265 1992 1438 2044 urgebat
1456 1991 1578 2044 plena
1595 1991 1688 2032 vela

346 2061 480 2101 ventis
499 2060 703 2112 expedire,
725 2064 925 2111 quatenus
951 2063 1074 2098 aestus
1099 2058 1276 2097 marinos
1300 2070 1420 2097 cursu
1446 2061 1687 2110 superarent

348 2126 549 2165 velociori.
607 2124 778 2178 Ignarus
797 2124 963 2175 quidem
983 2128 1145 2175 quantae
1171 2123 1304 2175 ipsum
1323 2122 1542 2162 manebant
1561 2122 1688 2162 tribu-

347 2191 530 2239 lationes,
562 2194 604 2229 et
639 2189 848 2242 angustiae,
880 2193 982 2240 quot
1009 2192 1115 2228 esset
1147 2193 1390 2239 experturus
1417 2187 1686 2228 adversitates

345 2268 418 2308 per
435 2255 708 2308 proditionem
729 2252 1130 2301 olimdemandatam
1149 2252 1192 2291 in
1210 2251 1391 2300 Francia,
1413 2251 1521 2292 unde
1540 2251 1686 2292 machi·

346 2326 488 2360 natum
508 2324 570 2360 est
588 2326 635 2359 ut
654 2320 734 2359 ab
723 2319 873 2371 miquis
893 2318 1080 2370 nequiter
1108 2315 1395 2356 insidiantibus
1424 2317 1684 2370 comprehen-

346 2386 523 2434 deretur,
550 2385 651 2424 nihil
678 2384 759 2424 tale
764 2396 1002 2472 'susplcans
1030 2383 1073 2422 in
1100 2381 1293 2434 obsequio
1315 2382 1393 2422 Dei
1419 2387 1462 2422 et
1484 2382 1686 2424 laboriosa

345 2452 682 2504 peregrinatione.
