1708 2684
413 158 804 201 ITINERARIUM
833 160 998 201 REGIS
1030 158 1266 201 RIOARDI
1465 160 1516 198 55

161 279 316 321 revixit
337 294 428 334 spes
438 282 549 334 ejus,
578 288 621 323 et
647 283 800 336 gaudio
828 283 1033 323 resolutus
1053 287 1097 323 et
1115 282 1273 329 laetitia,
1296 281 1383 321 sine
1402 294 1517 321 mora

161 346 330 387 nuncios
359 346 540 388 destinat
570 348 911 402 expeditissimos,
945 362 1038 389 cum
1071 348 1221 388 litteris
1253 347 1405 387 annulo
1443 359 1517 386 suo

240 437 338 468 1192.
429 413 611 468 signatis,
651 415 704 455 ad
748 428 888 455 omnes
931 414 1164 462 admiratos,
1207 414 1409 466 principes
1452 426 1515 453 re-

243 479 336 519 R·S·‚
425 481 595 534 gionum
621 480 790 521 ditionis
816 494 911 528 suae,
933 485 976 520 et
1002 486 1198 532 satrapas,
1218 484 1260 519 et
1287 479 1512 532 praefectos,

195 532 254 567 PP‘
273 523 388 558 397-9.
430 546 643 588 notificans
689 547 799 600 ipsis,
839 546 949 600 quod
988 546 1238 587 Christianos
1275 545 1513 598 dissipasset

160 610 374 660 dissensio,
395 617 438 653 et
466 611 578 665 quod
599 613 684 665 jam
713 612 958 654 dissidentes
986 612 1172 659 abirent;
1203 611 1378 664 ideoque
1404 610 1514 663 quis-

159 678 251 730 quis
269 679 359 731 ejus
378 678 585 732 stipendia
603 678 728 719 vellet
747 679 944 732 accipere,
966 679 1053 719 sine
1071 678 1332 719 cunctatione
1353 677 1515 718 veniret

158 743 210 783 ad
224 756 317 784 eum
329 744 372 784 in
386 743 627 785 Jerusalem.
687 743 774 785 Nec
794 758 919 791 mora,
935 749 1054 784 tanta
1067 744 1274 784 concurrit
1288 742 1513 783 multitudo

159 808 396 859 Turcorum,
424 815 473 850 ut
501 810 802 851 aestimarentur
830 811 982 864 viginti
1010 810 1140 850 millia
1169 810 1355 862 equitum
1383 823 1512 850 arma-

159 879 308 925 torum,
344 882 515 930 excepta
547 876 732 930 peditum
772 876 989 926 infinitate,
1030 890 1120 929 quae
1158 875 1277 916 facile
1308 875 1514 916 numerari

159 955 242 983 non
260 948 412 996 posset.

159 1052 242 1094 120ae
277 1052 467 1094 Ricardus
502 1052 633 1093 videns
668 1065 821 1093 suorwm
857 1052 1049 1106 defectum,
1089 1052 1264 1094 inducias
1299 1052 1371 1092 sibi
1399 1052 1513 1106 prius

267 1117 408 1158 oblatas
444 1119 585 1170 repetit,
628 1118 691 1158 sed
727 1130 804 1159 non
835 1118 982 1159 ’dantur
993 1132 1009 1165 ;
1051 1117 1151 1158 unde
1188 1119 1341 1159 Darum
1376 1118 1509 1168 diruit,

269 1184 495 1225 Ascalonem
513 1186 646 1231 mimit,
666 1187 700 1225 et
711 1198 784 1237 per
802 1185 949 1237 Joppen
968 1185 1020 1225 ad
1037 1184 1078 1225 A
1083 1185 1174 1225 chon
1193 1186 1340 1225 tramit.

215 1265 380 1308 Interea
406 1280 506 1321 gens
535 1271 676 1308 nostra
703 1267 902 1321 paulatim
931 1267 1118 1316 defluxit,
1140 1281 1315 1320 quorum
1344 1268 1511 1321 quidam

159 1337 413 1373 secesserunt
430 1333 474 1372 in
493 1332 522 1373 J
523 1347 670 1386 oppen.
727 1333 847 1384 Quod
867 1347 960 1374 cum
985 1347 1060 1374 rex
1086 1334 1378 1387 perpendisset,
1400 1334 1511 1388 quod

158 1397 212 1438 ad
231 1398 340 1452 ipsos
359 1398 606 1445 cohibendos
625 1413 708 1439 non
734 1400 961 1452 proficeret,
984 1400 1081 1453 quia
1100 1400 1262 1441 difficile
1281 1400 1448 1452 quidem
1466 1400 1510 1440 in

160 1477 284 1504 unam
302 1456 569 1506 convenirent
593 1466 841 1506 sententiam
854 1481 866 1516 3
894 1465 1006 1518 quod
1034 1466 1172 1519 potius
1199 1467 1243 1506 in
1268 1466 1379 1506 illius
1406 1471 1509 1507 tem-

159 1529 270 1583 poris
287 1530 460 1571 articulo
479 1531 757 1572 arbitrabatur
783 1531 1003 1586 agendum,
1022 1531 1236 1572 mandavit
1261 1531 1511 1572 Safahadino

160 1600 362 1649 quatenus
380 1597 502 1649 juxta
519 1597 633 1650 prius
648 1596 828 1637 oblatam
846 1597 956 1650 pacis
970 1597 1246 1638 conditionem
1264 1598 1309 1637 in
1328 1597 1510 1651 planitiis

161 1662 358 1711 Ramulae,
398 1663 638 1703 conveniret
671 1662 964 1703 Salahadinum
1003 1677 1126 1717 super
1158 1664 1428 1716 impetrandis
1465 1664 1508 1705 in

161 1727 302 1778 duciis,
341 1729 462 1769 rebus
500 1734 548 1769 ut
581 1734 680 1770 tunc
717 1742 760 1770 se
797 1729 1055 1779 habentibus,
1094 1743 1223 1782 usque
1259 1729 1311 1770 ad
1349 1734 1511 1783 tempus

160 1799 330 1843 certum,
351 1808 433 1847 quo
452 1795 582 1848 possit
600 1809 625 1835 a
643 1795 778 1848 patria
805 1808 879 1835 sua
904 1795 1096 1846 rediisse;
1124 1800 1168 1836 et
1186 1795 1287 1848 quid
1305 1809 1427 1849 super
1446 1796 1510 1836 his

158 1860 372 1913 proficeret
403 1860 635 1913 expeditius
664 1861 701 1901 ci
730 1861 988 1914 significaret.
1054 1861 1325 1902 Salahadinus
1356 1866 1508 1911 autem,

159 1939 280 1979 quem
317 1927 447 1966 nostri
475 1931 608 1967 status
646 1940 804 1967 summa
841 1941 923 1967 non
956 1927 1090 1976 latuit,
1131 1933 1173 1967 et
1206 1927 1312 1967 vires
1350 1932 1510 1968 nostras

159 1992 357 2046 paulatim
394 1993 591 2033 infirmari
627 1993 850 2046 praesensit,
890 2007 1146 2046 nequaquam
1191 1994 1395 2034 consensit
1431 1994 1512 2034 nisi

157 2058 296 2098 diruta
314 2058 521 2098 solotenus
541 2059 751 2100 Ascalone.
809 2058 929 2109 Quod
947 2073 1039 2100 cum
1059 2059 1145 2113 regi
1159 2059 1318 2099 nunciis
1336 2059 1511 2100 referen-

156 2124 268 2165 tibus
294 2124 554 2173 innotuisset,
583 2125 686 2165 nihil
715 2125 826 2165 visus
857 2129 920 2165 est
948 2125 1114 2174 moveri,
1146 2139 1221 2166 nec
1249 2125 1388 2166 vultus
1417 2126 1507 2178 ejus

157 2190 223 2231 vel
243 2191 284 2230 in
303 2190 462 2231 modico
481 2192 632 2231 mutari
648 2207 657 2240 ;
684 2192 810 2232 immo
830 2192 972 2231 statim
991 2192 1212 2244 imperavit
1230 2205 1355 2244 equos
1374 2205 1510 2232 ascen-

156 2254 253 2296 dere
281 2252 532 2310 Templarios
561 2262 603 2296 et
633 2256 942 2309 Hospitalarios,
974 2262 1017 2297 et
1053 2271 1146 2297 cum
1179 2257 1277 2310 ipsis
1310 2257 1508 2310 quosdam

157 2320 268 2370 alios,
290 2325 339 2361 ut
358 2321 478 2379 simul
498 2335 637 2362 omnes
656 2326 793 2363 essent
812 2323 985 2363 trecenti
1005 2322 1166 2372 milites,
1190 2322 1261 2375 qui
1288 2328 1507 2377 pergerent
