1708 2684
382 253 771 295 ITINERARIUM
800 252 966 293 REGIS
994 250 1230 293 RICARDI
1429 250 1476 287 51

126 390 408 418 remansurum
441 377 594 430 absque
625 377 735 417 omni
767 376 989 424 dubietate,
1026 381 1069 416 et
1098 379 1146 414 ut
1180 372 1331 427 singuli
1360 372 1481 424 juxta

128 442 442 496 possibilitatem
462 456 577 482 suam
597 455 639 482 se
666 442 908 495 expedirent
927 442 1179 481 instruentes
1197 439 1250 480 ad
1269 439 1480 480 civitatem

126 507 358 550 Jerusalem
377 508 652 550 obsidendam.

422 643 531 694 lee
569 643 761 693 March
799 659 865 692 on
902 640 1207 692 Jerusalem.

129 734 302 775 SEDENS
339 735 480 787 itaque
514 740 632 775 extra
670 733 911 774 Ascalonem
950 747 1023 774 rex
1062 738 1105 772 ct
1143 731 1357 780 exercitus,
1398 730 1482 782 jam

129 813 294 854 prorsus
312 800 365 841 ad
384 801 464 840 iter
485 801 725 848 instructus,
753 799 820 839 die
844 799 1069 848 Dominica,
1092 798 1246 838 scilicet
1264 797 1307 836 in
1327 796 1483 837 octavis

448 867 608 908 Sanctae
637 867 867 915 Trinitatis,
898 867 950 907 ab
977 866 1195 906 Ascalonia
1222 865 1373 912 exiens,
1394 876 1482 916 pro-

445 947 607 988 gressus
637 939 701 974 est
730 946 890 973 summo
918 946 1037 972 mane
1065 945 1207 972 versus
1238 929 1479 971 Jerusalem.

445 1000 556 1040 Gens
577 1000 738 1053 egregie
758 1000 969 1047 instructa,
993 1011 1093 1053 gens
1120 997 1260 1046 electa,
1282 996 1482 1050 paulatim

129 1065 391 1120 progreditur
410 1071 580 1120 propter
600 1071 758 1105 aestum.

211 923 309 955 1192.

150 965 241 1007 Rs,
257 977 290 1009 p.
307 965 381 1001 367.

492 1201 681 1265 Array
717 1198 773 1264 of
814 1198 1111 1249 Crusaders.

131 1290 196 1330 ΙΒΙ
223 1289 363 1330 videre
397 1289 478 1329 fuit
510 1290 743 1329 innumeras
782 1288 1029 1329 ventilantes
1066 1289 1247 1342 insignes
1284 1287 1481 1335 banerias,

131 1355 474 1408 multimodosque
493 1355 765 1408 penuncellos,
780 1359 846 1395 tot
864 1362 1043 1395 matrum
1061 1354 1177 1403 filios,
1193 1359 1257 1394 tot
1271 1353 1484 1407 regionum

450 1421 655 1471 oriundos,
696 1426 761 1462 tot
798 1434 911 1461 arma
956 1420 1235 1469 multiformia,
1275 1419 1484 1473 galearum

448 1480 580 1540 apices
599 1488 771 1541 gemmis
791 1492 1020 1535 vernantes,
1042 1486 1266 1538 loricasque
1292 1485 1482 1534 nitentes,

454 1554 743 1606 flammeosque
771 1554 815 1593 in
844 1553 969 1593 scutis
997 1557 1208 1605 reptantes
1239 1551 1387 1601 leones,
1418 1551 1484 1592 vel

131 1634 275 1661 aureos
290 1619 511 1660 volitantes
529 1620 738 1669 dracones,
760 1633 885 1672 equos
906 1619 1054 1659 arduos
1069 1618 1121 1658 ad
1141 1632 1303 1659 cursum
1323 1618 1482 1658 ferven-

130 1687 267 1736 tiores,
288 1699 463 1738 quorum
490 1685 704 1738 indignata
732 1685 864 1726 teneri
889 1684 1035 1725 ardore
1060 1684 1281 1737 spumescit
1300 1683 1458 1724 habena
1474 1699 1485 1733 5

131 1757 197 1792 tot
215 1751 358 1800 mulos,
380 1755 445 1792 tot
463 1751 622 1792 lanceas
641 1757 762 1792 acuta
787 1750 954 1804 cuspide
973 1750 1193 1797 micantes;
1223 1750 1310 1789 face
1329 1748 1483 1803 gladio-

131 1831 224 1858 rum
242 1817 396 1858 relucet
414 1830 484 1857 aer
497 1833 509 1867 ;
537 1823 602 1858 tot
630 1817 782 1858 milites
810 1817 1004 1870 probatos
1033 1821 1076 1856 et
1105 1815 1267 1863 electos,
1289 1815 1400 1868 quod
1419 1830 1484 1856 me

131 1883 267 1937 judice
286 1884 516 1924 sufficerent
535 1883 587 1923 ad
607 1883 834 1923 Turcorum
858 1882 1181 1930 multitudinem,
1203 1887 1246 1922 et
1268 1882 1367 1921 satis
1387 1882 1484 1935 ipsis

131 1951 342 2004 majorem,
361 1949 652 1990 conterendam
672 1949 758 1989 sive
778 1948 1069 1989 sustinendam.

213 1477 309 1509 1192.

145 1519 240 1559 Rs..
258 1530 294 1563 p.
311 1519 387 1554 367.

457 2080 687 2130 Richard
719 2097 821 2131 sees
860 2079 1162 2130 Jerusalem.

131 2168 244 2210 REGI
271 2171 492 2211 nunciante
521 2170 773 2224 speculatore
802 2170 956 2210 Turcos
982 2170 1025 2209 in
1049 2169 1254 2209 montanis
1280 2167 1420 2209 sedere
1440 2168 1483 2207 in

131 2235 290 2276 insidiis
315 2237 629 2286 transeuntium,
651 2250 725 2277 rex
754 2250 911 2276 summo
940 2249 1059 2276 mane
1087 2235 1140 2275 ad
1168 2239 1363 2275 montana
1390 2248 1483 2288 pro-

132 2301 262 2343 fectus
291 2307 365 2351 est,
395 2302 549 2343 Turcos
577 2303 807 2356 quaeritans,
834 2315 962 2355 usque
990 2301 1042 2341 ad
1071 2302 1226 2342 fontem
1255 2300 1416 2350 Emaus,
1442 2305 1485 2341 et

131 2380 278 2408 aurora
312 2368 422 2420 ipsos
466 2368 775 2421 comprehendit
802 2368 1066 2421 improvidos,
1100 2368 1143 2407 in
1187 2380 1290 2420 quos
1325 2367 1484 2408 irruens

132 2433 279 2487 viginti
305 2435 487 2487 peremit,
515 2434 615 2475 alios
643 2434 868 2488 dissipavit.
927 2434 1048 2487 Cepit
1077 2447 1239 2486 quoque
1261 2447 1484 2487 proeconem
