1708 2684
310 218 1661 242 ——-———.—..-.---—

312 280 364 318 50
565 279 948 320 ITINERARIUM
977 250 1153 319 REGIS·
1170 275 1404 318 RICARDI

314 405 338 422 “
353 401 570 441 offuscetur
598 415 782 455 regressu
811 401 992 442 celeriori
1007 416 1017 451 5
1046 413 1127 440 non
1147 400 1191 439 in
1211 403 1418 451 posterum
1437 395 1655 449 objiciatur

315 466 554 518 “ignaviter
573 468 791 515 recessisse,
809 466 1013 519 pendente
1033 465 1208 518 negotio.
1241 495 1250 504 .
1282 493 1292 502 .
1321 493 1330 502 .
1536 460 1538 462 ’

371 531 634 572 “Memorare
662 531 772 584 quod
799 532 851 572 ab
879 530 1045 572 occiduo
1074 531 1153 570 huc
1181 542 1309 582 usque
1337 539 1522 582 egressus
1545 524 1658 572 orbe,

317 600 341 618 “
354 597 504 650 ubique
524 599 657 638 victor
677 597 897 644 exstiteris,
913 603 1009 636 ante
1025 602 1117 636 tuos
1136 595 1260 648 pedes
1278 591 1512 634 vinculandi
1526 590 1656 644 proci-

319 661 504 702 “derunt
523 663 670 712 hostes,
692 668 788 702 ante
807 663 923 715 cujus
942 661 1086 703 faciem

494 748 516 763 “
532 747 603 779 Nec
618 746 737 779 cadere
752 746 884 785 Antaeo,
902 755 963 778 nec
978 754 1124 778 cresccre
1139 742 1270 786 profuit
1285 739 1449 784 Hydrae.··

318 818 447 859 “Jam
478 824 520 859 te
550 820 692 859 tremit
722 818 934 867 Soldanus,
969 822 1011 858 te
1044 815 1264 868 Babylonis
1301 817 1494 866 stupuere
1530 811 1654 859 sinus,

318 891 340 908 “
356 885 580 925 Turcorum
616 885 794 938 impetus
831 885 971 924 horret
985 899 996 933 3
1038 887 1081 922 et
1117 881 1217 934 quid
1253 879 1452 933 amplius?
1506 877 1658 918 Omnes

318 958 342 974 “
354 951 497 991 dicunt
525 951 567 990 in
596 964 819 1000 commune,
841 949 951 1002 quod
971 955 1017 988 tu
1037 948 1218 988 omnium
1237 951 1353 999 pater
1372 942 1590 990 exstiterim
1610 945 1659 982 tu

319 1021 552 1069 “patronus
571 1022 614 1056 et
632 1016 820 1056 defensor
839 1013 1172 1060 Christianitatis,
1194 1025 1316 1064 quam
1345 1010 1379 1050 si
1405 1007 1528 1049 modo
1546 1007 1660 1048 dese-

319 1088 343 1106 “
355 1083 494 1130 rueris,
515 1082 624 1122 idem
643 1087 707 1122 est
725 1096 770 1122 ac
789 1083 822 1122 si
842 1081 1014 1121 inimicis
1034 1078 1267 1132 exposueris
1286 1074 1567 1128 diripiendam.

758 1172 780 1186 “
794 1170 823 1203 O
838 1180 897 1202 rex
910 1169 1020 1208 fortis,
1037 1170 1079 1201 ut
1093 1167 1228 1210 coepisti

756 1215 778 1230 “
791 1213 939 1246 Perdura
954 1212 1098 1251 diutius,

756 1262 775 1273 ·‘
788 1258 895 1300 Opem
911 1257 1008 1299 genti
1023 1256 1138 1288 confer
1152 1254 1223 1291 isti,

757 1303 780 1318 ‘¹
794 1301 841 1334 Te
857 1303 972 1343 sperat
987 1299 1159 1332 attentius

755 1348 776 1361 “
791 1345 1032 1381 protectorem,
1047 1353 1109 1386 ope
1125 1340 1267 1379 Christi,

757 1390 780 1405 “
793 1388 938 1421 Procede
955 1386 1123 1420 felicius.”

608 1516 841 1566 Richard
875 1513 1087 1565 resolves
1125 1520 1176 1562 to
1215 1513 1358 1575 Stay.

318 1607 417 1647 IPSO
456 1608 648 1647 nimirum
685 1606 878 1658 loquente
916 1603 1134 1656 capellano,
1170 1615 1244 1641 rex
1269 1599 1436 1640 omnino
1463 1600 1660 1645 tacuerat,

317 1673 506 1714 similiter
538 1677 581 1713 et
617 1672 688 1721 illi,
728 1672 799 1724 qui
837 1685 929 1711 cum
959 1669 1056 1722 ipsis
1089 1667 1358 1709 consederant
1389 1665 1434 1704 in
1466 1662 1658 1710 tentorio,

612 1738 763 1778 intenti
789 1750 860 1777 ora
885 1739 1116 1775 tenuerant.
1173 1732 1297 1784 Regis
1324 1729 1491 1783 quidem
1517 1727 1660 1769 eodem

331 1794 559 1879 R·S¹1{)2·365
612 1816 796 1843 sermone
824 1806 1118 1842 commutatum
1148 1803 1210 1838 est
1243 1810 1322 1844 cor,
1353 1801 1395 1836 et
1422 1794 1660 1835 confirmata.

405 1861 426 1874 ”
470 1859 478 1868 ’
562 1859 571 1868 ’
613 1873 676 1909 est
703 1867 908 1921 cogitatio,
931 1871 978 1905 ut
1006 1864 1165 1905 clariori
1193 1860 1514 1903 consolidaretur
1539 1857 1657 1900 certi-

316 1935 474 1975 tudine.
505 1964 514 1973 .
544 1965 552 1975 .
584 1965 593 1974 .
1673 1974 1676 1977 Ι

371 2000 526 2040 Verum
553 2003 714 2038 mutato
741 1997 964 2050 proposito,
985 2008 1058 2048 per
1085 1993 1392 2047 inspirationem
1406 1989 1548 2044 gratiae
1566 1987 1660 2037 Dei,

317 2070 359 2105 et
379 2078 603 2104 sermonem
623 2062 830 2116 capellani,
851 2061 960 2102 dixit
981 2060 1119 2100 comiti
1146 2058 1324 2098 Henrico
1349 2055 1490 2108 nepoti
1508 2067 1596 2103 suo,
1615 2057 1660 2094 et

317 2129 411 2169 duci
430 2128 690 2182 Burgundiae‚
705 2128 873 2179 aliisque
892 2125 1135 2178 proceribus,
1154 2122 1264 2175 quod
1282 2135 1356 2162 nec
1374 2134 1447 2174 per
1464 2118 1659 2160 nuncium

316 2195 636 2247 qualemcunque
665 2193 962 2240 sollicitantem,
992 2191 1076 2231 sive
1100 2199 1362 2242 quoscunque
1386 2197 1569 2226 rumores
1590 2181 1658 2224 vel

316 2260 501 2312 querelas
539 2265 635 2299 ante
673 2258 828 2298 Pascha
872 2256 1081 2297 recederet
1117 2269 1142 2294 a
1178 2259 1298 2293 terra.
1356 2250 1491 2304 Igitur
1527 2247 1659 2302 pridie

317 2325 457 2365 Nonas
493 2324 523 2364 J
524 2324 625 2371 unii,
663 2323 818 2364 scilicet
862 2323 906 2362 in
942 2319 1198 2361 hebdomada
1234 2317 1392 2358 Sanctae
1430 2312 1659 2363 Trinitatis,

318 2390 512 2430 accersito
545 2389 735 2442 Philippo
763 2400 946 2441 praecone
977 2399 1061 2435 suo,
1095 2384 1218 2438 jussit
1248 2387 1298 2423 ut
1326 2395 1399 2435 per
1434 2379 1660 2421 exercitum

317 2456 521 2502 clamaret,
541 2455 753 2495 notificans
773 2466 911 2505 regem
933 2450 1152 2491 Ricardum
1171 2461 1300 2501 usque
1318 2446 1474 2487 Pascha
1492 2445 1535 2485 in
1554 2448 1666 2484 terra
