1708 2684
151 503 730 568 ITINERARIUM
788 503 1042 568 REGIS
1102 500 1459 566 RIOARDI

331 705 548 756 Saladz'n
585 706 725 757 takes
758 705 1062 764 Jerusalem,
1103 704 1284 758 118731‘

128 805 157 846 J
159 816 444 848 EROSOLIMAM
455 808 611 852 victor†
626 813 710 848 tam
722 809 895 849 festinus
908 822 1030 862 quam
1043 807 1216 848 infestus
1228 804 1478 859 aggreditur,

129 873 272 914 urbem
291 873 463 922 obsidet,
483 875 689 915 machinas
708 875 897 924 exstruit,
917 874 1005 915 loca
1025 887 1137 914 sacra
1151 872 1369 924 sacrilegus
1384 871 1482 910 irre-

219 970 304 1004 1137
401 946 590 981 verenter
607 941 777 981 invadit.
831 940 953 981 Cives
972 940 1171 993 equidem,
1194 952 1294 991 quas
1313 941 1484 990 possunt

217 996 315 1052 Rs]
399 1006 655 1047 defensiones
684 1007 886 1059 objiciunt
915 1006 987 1046 sed
1017 1005 1210 1058 quicquid
1241 1008 1428 1044 tentatur
1459 1015 1484 1042 a

183 1065 242 1101 ΡΡ·
259 1060 350 1091 20-1.
401 1073 551 1112 nostris
584 1078 695 1113 caret
726 1073 883 1121 effectu,
918 1072 1149 1125 profectum
1187 1084 1270 1110 non
1297 1068 1457 1109 invenit
1472 1082 1484 1117 3

128 1150 255 1186 arcus,
313 1137 483 1186 balistae,
541 1139 729 1192 petrariae
785 1138 990 1178 inutiliter
1040 1143 1298 1185 tractantur3
1345 1135 1482 1186 sicque

130 1206 216 1243 tam
256 1217 370 1244 arma
413 1217 537 1257 quam
576 1204 770 1244 machinae
811 1205 915 1244 iram
951 1204 1120 1244 Domini
1159 1202 1376 1242 manifeste
1412 1201 1481 1241 de-

130 1269 337 1319 nunciant,
359 1275 402 1310 et
426 1270 538 1310 urbis
561 1270 870 1323 praeloquuntur
896 1270 1112 1310 excidium.
1172 1268 1275 1309 Illuc
1303 1266 1484 1319 undique

130 1335 419 1389 quamplurimi
449 1349 470 1376 e
496 1336 638 1377 castris
666 1336 810 1376 vicinis
838 1336 1132 1384 confluxerant,
1160 1335 1212 1376 de
1241 1334 1319 1375 loci
1347 1333 1484 1386 potius

130 1401 348 1442 sanctitate
394 1416 517 1454 quam
569 1402 620 1442 de
673 1402 901 1443 munitione
953 1402 1104 1451 confisi,
1153 1401 1225 1441 sed
1276 1401 1319 1440 in
1369 1405 1486 1440 tanta

131 1465 342 1507 hominum
381 1468 647 1508 multitudine
684 1468 747 1508 bis
779 1473 936 1522 septem
968 1468 1146 1518 milites1
1186 1468 1257 1507 vix
1293 1471 1486 1522 poterant

130 1532 318 1574 inveniri.
376 1533 579 1574 Caeterum
613 1534 844 1575 sacerdotes
877 1538 920 1575 et
951 1534 1098 1582 clerici,
1131 1547 1365 1587 quanquam
1393 1547 1485 1587 pro-

131 1598 298 1639 fessioni
324 1613 406 1639 suae
434 1599 676 1648 indebitum,
697 1614 771 1653 pro
800 1606 984 1653 tempore
1013 1605 1150 1640 tamen
1178 1600 1353 1640 officium
1381 1600 1486 1640 mili-

132 1664 248 1705 tandi
280 1671 494 1706 assumunt
507 1679 518 1712 3
547 1670 590 1706 et
622 1679 696 1719 pro
726 1665 848 1707 domo
880 1666 1046 1706 Domini
1078 1671 1243 1707 strenue
1275 1666 1485 1713 dimicant,

118 1730 235 1771 ,illud
268 1736 456 1772 tenentes
489 1733 734 1781 memoriter,
771 1732 882 1785 quod
912 1733 996 1772 vim
1030 1732 1071 1772 vi
1104 1732 1310 1786 repellere,
1347 1745 1486 1773 omnes

133 1795 242 1850 leges
279 1797 528 1850 permittunt
562 1804 604 1838 et
639 1799 743 1850 jura.
822 1798 981 1851 Vulgus
1019 1812 1116 1839 vero
1153 1803 1240 1838 tam
1276 1799 1482 1852 ignavum,

135 1876 256 1915 quam
285 1863 492 1916 pavidum,
520 1863 571 1903 ad
598 1864 872 1916 patriarcham
900 1871 942 1904 et
970 1863 1023 1904 ad
1051 1864 1268 1918 reginam‚§
1289 1866 1359 1918 qui
1387 1870 1487 1905 tunc

134 1928 226 1968 urbi
258 1935 460 1982 praeerant
491 1930 728 1982 frequenter
757 1930 942 1979 occurrit,
978 1930 1169 1970 flebiliter
1196 1932 1395 1983 queritur,
1426 1931 1487 1970 in-

134 1999 292 2034 stanter
317 1994 530 2047 supplicat,
551 2001 599 2035 ut
618 2009 710 2035 cum
738 1995 915 2036 Soldano
941 1995 992 2035 de
1019 1996 1118 2036 urbe
1144 1996 1345 2036 tradenda
1363 2010 1486 2050 quam

135 2059 255 2100 citius
292 2061 557 2113 paciscantur.
617 2061 771 2101 Verum
803 2062 937 2102 flenda
969 2063 1098 2116 magis
1131 2077 1253 2116 quam
1283 2077 1484 2104 commen-

134 2125 271 2166 danda
303 2127 438 2179 pactio
471 2128 718 2178 intercedit;
757 2142 851 2168 nam
880 2129 1029 2181 singuli
1058 2129 1202 2182 capitis
1230 2130 1293 2169 sui
1322 2143 1487 2169 censum

135 2189 374 2243 dependunt
388 2207 399 2240 3
427 2193 490 2231 vir
518 2192 684 2244 quidem
712 2192 911 2232 bizantios
939 2193 1090 2241 decem,
1118 2194 1265 2234 mulier
1293 2195 1486 2247 quinque,

135 2254 269 2295 infans
290 2270 416 2296 unum
430 2273 441 2306 3
462 2262 503 2297 et
518 2257 702 2310 quisquis
720 2258 773 2297 ad
792 2258 1032 2298 solvendum
1053 2273 1133 2299 non
1149 2260 1306 2308 sufficit,
1324 2266 1489 2300 tenetur

133 2322 330 2374 captivus.

143 2399 160 2415 '⁴‘
183 2399 246 2433 See
260 2403 342 2433 note
359 2402 389 2433 1.
499 2402 521 2440 †
545 2401 607 2434 See
622 2404 704 2435 note
721 2404 752 2435 2.
800 2447 823 2486 9
867 2404 889 2442 ἶ
912 2403 974 2436 See
990 2406 1071 2436 note
1087 2406 1118 2437 8.
1235 2406 1253 2444 ἓ
1277 2404 1338 2438 See
1354 2407 1436 2438 note
1450 2407 1481 2438 4.
