1708 2684
257 262 306 300 14
507 259 892 300 ITINERARIUM
922 260 1085 303 REGIS
1113 260 1349 302 RICARDI

254 380 448 421 Sanctum
474 381 735 421 Edmundum
761 381 877 433 cujus
904 387 1001 422 tunc
1024 382 1111 422 dies
1135 381 1372 422 festivitatis
1395 381 1602 431 instabam

254 446 350 486 inde
387 446 657 486 Cantuariam.
734 446 802 486 Ad
839 447 955 499 cujus
992 448 1218 500 imperium,
1257 447 1310 487 ad
1347 447 1602 500 episcopatus

253 526 427 565 quorum
450 512 634 552 nonnulli
659 512 771 565 prius
804 517 992 553 vacantes
1018 513 1061 552 in
1085 526 1209 553 manu
1243 513 1371 565 patris
1397 511 1460 552 sui
1489 515 1602 552 tene-

255 577 415 625 bantur,
466 576 582 616 electi
636 582 743 624 sunt,
793 582 835 617 et
887 578 1133 618 assentiente
1186 591 1280 630 rege
1326 575 1603 624 inthronimti,

257 642 433 695 episcopi
469 642 667 682 Ricardus
699 642 974 682 thesaurarius
1011 643 1318 692 Londoniensis,
1357 640 1604 683 Godefridu·

258 708 308 748 de
346 707 446 747 Luci
485 707 790 756 WintoniensiS,
829 707 1040 748 Hubertus
1073 707 1248 748 Walteri
1284 707 1602 756 Salesberiensis,

259 772 487 812 Willelmus
533 773 584 812 de
631 772 773 826 Longo
822 772 976 827 Campo
1017 773 1214 827 Elyensis,
1259 787 1381 826 quem
1420 778 1462 813 et
1507 772 1606 813 fecit

259 851 332 878 rex
368 837 650 878 cancellarium
690 852 807 878 suum
854 843 896 879 et
942 839 1070 879 totius
1117 839 1275 892 Angliae
1321 837 1602 891 justiciarium.

259 904 501 957 Praeparatis
529 904 667 957 itaque
695 904 832 945 itineri
862 905 1108 952 necessariis,
1136 911 1178 945 et
1202 918 1329 958 regno
1347 903 1506 959 Angliae
1523 903 1604 944 dis-

258 970 401 1022 posito,
433 974 632 1022 quantum
661 970 900 1022 permiserat
927 971 1122 1024 temporis
1150 971 1349 1023 angustia,
1379 970 1466 1010 sine
1493 982 1608 1010 mora

259 1035 382 1075 rediit
399 1036 443 1075 in
463 1037 503 1075 N
505 1037 766 1084 ormanniam,
789 1041 831 1076 et
849 1036 958 1089 apud
972 1036 1113 1090 Lyuns
1128 1036 1351 1077 Dominicae
1365 1035 1607 1076 Nativitatis

262 1101 409 1154 agebat
428 1101 706 1141 festivitatem.
765 1100 1020 1142 Sollicitabat
1044 1102 1153 1142 enim
1180 1115 1272 1142 eum
1299 1102 1386 1142 sine
1403 1101 1608 1142 intermis-

260 1167 372 1206 sione
415 1166 654 1219 arripiendae
701 1180 783 1206 suae
828 1167 1169 1220 peregrinationis
1214 1167 1400 1215 intentio,
1440 1166 1608 1219 votique

260 1231 420 1280 solutio,
451 1245 607 1272 moram
630 1233 833 1272 aestimans
857 1233 1136 1285 periculosam,
1155 1232 1255 1273 dum
1283 1236 1511 1285 superesset
1537 1231 1606 1271 de-

261 1296 393 1336 bitum
419 1296 701 1336 inchoandum.
759 1295 882 1337 Unde
908 1297 1069 1350 scripsit
1096 1297 1183 1350 regi
1209 1296 1386 1337 Franciae
1414 1309 1457 1336 se
1484 1295 1608 1336 fuisse

261 1375 425 1414 prorsus
453 1362 506 1402 ad
533 1363 613 1402 iter
641 1361 890 1414 expeditum,
912 1368 960 1402 ut
988 1367 1032 1402 et
1058 1363 1145 1415 ipse
1173 1375 1337 1415 quoque
1365 1361 1608 1402 festinanter

263 1427 499 1480 procederet
514 1443 526 1478 3
554 1432 843 1481 argumentans
861 1429 990 1480 patris
1010 1427 1195 1481 exemplo
1215 1428 1310 1480 quia

625 1532 796 1575 “Semper
812 1533 931 1566 nocuit
945 1532 1080 1566 differre
1096 1531 1258 1575 paratis.”

483 1726 657 1792 Philip
693 1726 751 1791 of
780 1727 988 1777 France
1020 1734 1117 1777 sets
1151 1734 1239 1777 out
1273 1726 1391 1777 abso.

266 1842 368 1883 CUM
407 1843 536 1884 multo
579 1844 717 1896 itaque
754 1844 1070 1884 necessariorum
1107 1848 1316 1897 apparatu,
1357 1857 1439 1884 non
1478 1843 1608 1884 multo

265 1914 368 1961 post,
390 1922 463 1948 rex
482 1908 660 1949 Franciae
679 1909 893 1962 Philippus
913 1910 1052 1950 exiens
1076 1923 1101 1949 a
1122 1909 1301 1949 Parisius
1320 1909 1498 1958 civitate,
1519 1921 1608 1961 quae
1681 1961 1684 1964 ι

357 2006 451 2037 1190.
563 1979 626 2014 est
650 1974 893 2027 principium
923 1975 1038 2028 regni
1067 1974 1256 2023 Franciae,
1286 1973 1396 2026 apud
1415 1973 1609 2014 Sanctum

356 2047 444 2088 RS„
562 2038 838 2091 Dionysium*
859 2039 1064 2090 profectus
1084 2043 1147 2079 est
1162 2054 1173 2089 3
1201 2039 1318 2091 cujus
1345 2051 1390 2078 ce
1412 2050 1610 2078 commen-

307 2101 363 2135 PP·
385 2091 497 2126 146-7.
565 2103 680 2143 davit
713 2103 965 2144 orationibus
1005 2109 1046 2144 et
1082 2104 1248 2144 meritis.
1314 2103 1459 2155 Sicque
1496 2115 1610 2143 suam

266 2167 473 2207 inchoavit
491 2168 858 2221 peregrinationem
878 2182 969 2208 cum
988 2167 1161 2221 plurima
1175 2167 1447 2208 multitudine.
1496 2166 1611 2208 'runo

267 2243 427 2282 quoque
464 2243 556 2269 cum
594 2243 641 2269 eo
680 2243 847 2283 peregre
885 2230 1092 2282 profectus
1130 2235 1193 2271 est
1232 2230 1318 2271 dux
1363 2229 1609 2284 Burgundiae

268 2301 310 2336 et
329 2308 461 2335 comes
480 2294 690 2335 Flandriae.

803 2383 821 2402 *
844 2383 905 2416 See
921 2386 1001 2416 note
1019 2385 1070 2416 10.
