1708 2684
254 278 306 316 20
503 274 887 316 ITINERARIUM
917 274 1082 314 REGIS
1110 272 1346 314 RICARDI

249 403 352 438 tant.
411 398 589 451 Singulis
615 404 753 438 autem
771 397 914 437 castris
939 410 1021 436 suae
1049 395 1306 449 applicantur
1334 394 1533 447 petrariae,
1553 399 1598 434 et

251 465 456 505 lateratim
493 465 699 511 assistunt,
735 463 881 515 quibus
918 467 960 502 et
997 461 1190 502 machinae
1222 459 1429 513 productae
1457 457 1596 499 defen—

252 531 414 579 dantur,
436 536 478 570 et
497 530 645 569 moenia
663 528 910 581 dejiciantur
935 527 1116 567 adversa.
1175 525 1380 579 Oppidani
1398 537 1496 565 vero
1513 524 1599 577 jam

252 597 415 650 penitus
435 594 671 642 diffidentes,
696 594 808 634 urbis
833 592 1083 634 deditionem
1103 592 1289 640 offerunt,
1311 590 1370 630 ita
1395 594 1533 630 tamen
1551 593 1600 630 ut

252 662 350 715 ipsis
369 660 611 702 abscedendi
640 660 816 708 libertas,
839 664 882 700 et
906 672 971 699 res
996 672 1088 698 suas
1107 656 1355 711 asportandi,
1377 669 1460 696 non
1478 654 1599 696 dene-

252 733 373 782 getur
409 728 592 768 facultas.
651 725 814 766 Nostris
846 738 943 766 vero
976 724 1256 771 renuentibus,
1288 722 1480 774 omnique
1507 721 1600 761 nisu

252 794 544 842 insistentibus,
577 796 626 832 ut
659 792 851 832 confectae
890 790 1084 831 machinae
1121 788 1248 829 muris
1284 787 1598 840 applicarentur,

252 860 449 901 resistunt
468 858 641 899 viriliter
660 856 853 910 oppidani
873 856 1002 896 vicem
1020 855 1238 895 reddentes
1257 851 1599 907 oppugnantibus,

254 932 296 966 et
328 925 628 966 incursantibus
661 923 865 963 talionem.
924 921 1078 962 Verum
1115 920 1284 960 sabbato
1304 923 1312 946 1'
1319 922 1414 972 post
1449 916 1600 960 Ascen-

254 993 408 1033 sionem
437 990 613 1038 Domini,
636 989 763 1029 muris
782 987 980 1027 machinis
1005 985 1171 1039 propius
1190 984 1378 1033 admotis,
1399 996 1490 1024 cum
1516 982 1602 1036 jam

253 1072 278 1097 a
302 1070 419 1097 mane
445 1068 572 1108 usque
598 1054 651 1094 ad
670 1066 878 1107 vesperam
906 1051 1037 1092 acrius
1066 1054 1350 1104 oppugnarent
1377 1047 1598 1096 civitatem,

254 1122 370 1163 ecce!
420 1121 621 1162 exercitus
659 1119 882 1160 Turcorum
919 1116 1097 1157 exterior
1133 1116 1292 1161 irruens
1324 1126 1472 1167 magno
1508 1124 1602 1154 cum

255 1188 412 1240 impetu
439 1185 680 1227 catervatim
708 1197 750 1224 se
778 1183 930 1236 ingerit
958 1183 1001 1222 in
1030 1181 1190 1230 fossam,
1221 1185 1270 1220 ut
1297 1183 1551 1232 oppugnaret
1576 1191 1602 1219 a

256 1261 372 1306 tergo
418 1253 704 1305 impugnantes
742 1249 960 1297 civitatem,
1001 1253 1048 1288 ut
1085 1247 1150 1287 vel
1188 1259 1255 1287 eos
1291 1247 1496 1285 averteret
1536 1243 1602 1284 vel

255 1319 419 1360 omnino
447 1318 673 1370 dissiparet.
731 1315 865 1368 Igitur
893 1314 990 1354 dum
1021 1313 1149 1354 nostri
1180 1312 1274 1352 hinc
1301 1310 1397 1351 inde
1426 1309 1600 1359 coerciti,

255 1387 447 1438 utrinque
475 1384 607 1432 divisi,
640 1397 681 1423 se
708 1383 772 1422 vel
806 1382 856 1421 ab
887 1380 1156 1421 exterioribus
1186 1377 1434 1418 irruentibus
1462 1375 1601 1416 defen-

255 1452 414 1500 derent,
435 1450 500 1490 vel
519 1450 611 1490 urbi
639 1446 919 1501 expugnandae
946 1444 1220 1490 intenderent,
1248 1447 1291 1483 et
1315 1442 1447 1483 virtus
1470 1441 1604 1483 minor

255 1519 380 1566 fieret,
420 1517 516 1569 quia
551 1515 706 1568 partita
740 1514 783 1552 in
821 1512 992 1560 diversa,
1041 1510 1246 1550 machinas
1292 1513 1452 1548 nostras
1497 1506 1605 1560 ignis

255 1582 462 1624 succendit
495 1581 666 1629 hostilis,
699 1592 798 1632 quas
829 1591 902 1617 nec
935 1576 1072 1630 potuit
1108 1575 1191 1615 ulla
1223 1573 1437 1627 diligentia
1470 1571 1601 1612 extin-

254 1662 391 1703 guere,
430 1647 501 1688 sed
539 1645 704 1686 inutiles
742 1645 858 1684 factae
896 1648 993 1682 sunt
1029 1642 1123 1695 igne
1163 1640 1304 1680 Graeco
1342 1643 1602 1690 consumptas.

256 1715 402 1766 Sicque
439 1712 590 1752 infelici
621 1724 714 1751 casu
752 1708 951 1761 triumphi
989 1720 1080 1760 spes
1118 1705 1281 1754 excidit,
1322 1717 1412 1757 quae
1449 1707 1604 1756 quanto

254 1780 367 1832 prius
385 1779 546 1826 certior,
568 1780 686 1816 tanto
706 1773 967 1828 postmodum
986 1772 1144 1812 tristior
1163 1770 1378 1811 evanescit.

329 1944 619 2011 Sufferiozgs
654 1941 711 2006 of
740 1939 994 2005 Besieged
1026 1938 1134 1987 and
1165 1936 1223 2000 of
1251 1935 1533 2002 Besiegers.

260 2054 410 2093 FAMES
456 2052 612 2090 interea
658 2048 881 2101 oppidanos
927 2045 1082 2098 affligit,
1131 2043 1278 2096 quibus
1324 2042 1376 2082 ab
1416 2042 1606 2095 AEgypto

260 2119 459 2159 Soldanus
492 2121 599 2155 rates
633 2114 848 2167 frugiferas
881 2118 979 2152 noto
1009 2112 1133 2159 flante
1163 2108 1420 2148 transmittit.
1476 2107 1608 2148 Erant

348 2215 434 2247 1190
565 2185 702 2220 autem
722 2178 869 2232 viginti
889 2177 1079 2229 quinque,
1101 2174 1171 2215 sed
1191 2180 1274 2214 tres
1299 2173 1485 2225 majores,
1504 2172 1606 2213 dum

276 2260 365 2297 RS„
381 2268 439 2301 pp.
460 2258 513 2295 88,
564 2247 671 2285 inter
694 2244 840 2284 turrim
868 2244 1102 2282 Muscarum
1132 2245 1174 2280 et
1204 2251 1346 2291 rupem
1378 2237 1604 2290 proximam

314 2305 388 2338 123,
406 2302 480 2333 125.
565 2316 729 2351 tentant
747 2310 980 2360 irrumpere,
1003 2306 1092 2346 duae
1118 2304 1282 2357 quidem
1301 2304 1409 2343 saxis
1428 2302 1601 2342 confrin-

259 2386 413 2435 guntur
431 2378 567 2418 illisae:
596 2376 720 2415 tertia
738 2387 834 2414 vero
862 2377 984 2427 portu
1006 2371 1164 2424 potitur
1189 2370 1324 2409 illaesa.
1381 2367 1603 2408 Venientes

261 2447 409 2500 quippe
449 2457 473 2482 a
509 2446 640 2494 coepto
674 2453 793 2480 cursu
830 2442 1061 2478 nostrorum
1098 2435 1222 2488 galeae
1261 2433 1606 2474 deturbaverant:
