1708 2684
264 215 317 253 40
518 211 906 252 ITINERARIUM
934 211 1099 252 REGIS
1127 212 1362 254 RICARDI

263 335 440 387 priorem
477 335 563 387 spei
601 334 906 387 conceptionem
944 348 996 375 ex
1037 336 1122 388 jam
1158 335 1310 375 auditis
1346 330 1604 388 expungebat

263 400 507 453 desperatio.
581 399 862 453 Imprecantur
898 401 1022 453 hujus
1065 401 1219 441 decreti
1255 395 1603 455 promulgantibus

268 479 386 505 omne
417 464 568 504 malum
600 466 712 505 anxii
736 481 747 515 ;
779 465 1027 506 maledicunt
1057 467 1144 507 voti
1173 466 1424 513 dilationem,
1451 471 1495 507 et
1517 470 1603 505 tam

265 531 560 571 contrariorum
598 537 808 584 gestorum
843 536 1136 584 procuratores.
1193 531 1348 572 Verum
1385 533 1420 572 si
1456 529 1604 573 eisdem

265 595 424 648 plenius
460 596 705 636 innotuisset
742 595 794 636 de
832 601 944 636 statu
981 601 1024 637 et
1060 597 1230 649 penuria
1268 610 1418 645 eorum,
1458 594 1524 648 qui
1559 595 1604 635 in

267 659 495 701 Jerusalem
513 666 641 711 erant,
662 661 924 702 moderatiori
939 663 1045 701 forte
1061 661 1378 702 sollicitarentur
1389 660 1604 709 anxietate,

268 740 320 767 ex
338 726 593 767 inimicorum
613 726 877 767 tribulatione
900 739 1182 780 quamcunque
1211 728 1407 768 habentes
1432 724 1603 768 consola·

269 791 432 831 tionem.
465 823 474 832 .
507 820 517 830 .
547 822 555 831 .

323 856 372 896 In
392 862 554 897 tantum
580 857 773 896 nimirum
797 857 1072 897 extabuerunt
1094 858 1263 911 penuria
1286 862 1328 898 et
1352 856 1474 898 nimia
1499 855 1606 910 peri-

269 921 517 961 clitabantur
553 920 795 969 defectione,
827 927 875 961 ut
908 922 943 962 si
975 923 1125 962 nostris
1157 936 1299 962 revera
1327 924 1528 962 comtaret
1553 919 1607 962 de

269 987 492 1027 Turcorum
513 992 629 1027 tanta
648 987 905 1039 depressione
931 988 984 1027 ob
1012 988 1115 1028 aeris
1140 988 1428 1040 intemperiem,
1449 985 1607 1027 levibus

267 1059 366 1092 tunc
384 1053 580 1105 temporis
598 1052 803 1093 laboribus
823 1058 864 1093 et
884 1054 1077 1105 impensis
1096 1053 1385 1102 obtinerentur,
1407 1058 1450 1092 et
1466 1051 1608 1106 procul

268 1117 393 1158 dubio
422 1118 473 1158 de
502 1117 610 1157 facili
644 1118 788 1157 civitas
818 1118 888 1158 illa
919 1118 991 1158 diu
1028 1118 1258 1159 desiderata
1286 1116 1510 1159 Jerusalem
1542 1130 1609 1158 ex-

269 1189 529 1237 pugnaretur.
589 1183 670 1223 Sed
698 1183 768 1223 diu
796 1197 821 1222 a
849 1184 999 1223 nostris
1032 1184 1199 1223 retineri
1228 1197 1310 1223 non
1338 1187 1484 1237 posset,
1513 1182 1609 1235 quia

267 1254 431 1301 peracta
452 1249 778 1301 peregrinatione
804 1248 955 1301 populo
985 1249 1245 1302 repatriante,
1270 1262 1348 1289 non
1379 1253 1608 1302 superesset

268 1327 367 1366 gens
388 1328 479 1366 quae
499 1328 587 1354 eam
606 1313 826 1354 defendere
845 1314 1010 1354 valeret.

614 1469 950 1519 Withdrawal
986 1476 1037 1518 to
1078 1468 1308 1519 Ramlalz.

272 1562 429 1603 IGITUR
461 1564 559 1603 dum
593 1565 701 1617 apud
732 1565 946 1605 Ramulam
977 1565 1020 1603 in
1053 1564 1230 1603 maxima
1258 1563 1425 1603 tristitia
1452 1561 1612 1602 sederet

271 1629 483 1677 exercitus,
519 1634 730 1682 coeperunt
762 1643 885 1682 quam
921 1629 1100 1682 plurimi,
1138 1628 1203 1668 vel
1239 1628 1292 1668 ad
1326 1626 1611 1668 declinandum

565 1695 644 1734 iter
664 1695 918 1743 laboriosum,
941 1694 1015 1742 vel,
1039 1695 1091 1734 ob
1110 1693 1403 1734 contumaciam
1422 1698 1465 1732 et
1478 1691 1612 1745 indig-

281 1749 511 1834 R.Sl.1{>2⁸311
567 1762 787 1808 nationem,
826 1761 878 1800 ab
915 1760 1096 1800 exercitu
1142 1759 1339 1808 recedere,
1378 1758 1488 1799 unde
1530 1771 1611 1798 non

369 1816 377 1828 ’
422 1816 429 1824 ’
517 1815 524 1823 ’
567 1825 780 1863 minimum
795 1825 1021 1864 diminutus
1035 1831 1097 1865 est
1113 1825 1323 1865 exercitus.
1365 1823 1612 1864 Francorum

269 1890 376 1929 enim
404 1903 497 1942 pars
526 1890 702 1929 maxima
731 1891 782 1929 ob
810 1889 1063 1930 iracundiam
1092 1896 1322 1938 recesserat,
1343 1889 1414 1942 qui
1439 1893 1481 1928 et
1502 1887 1613 1941 apud

268 1954 431 2006 Joppen
461 1955 711 2006 aliquamdiu
737 1955 975 1995 resederunt
999 1956 1042 1994 in
1069 1955 1190 2005 otiis3
1219 1954 1384 2007 quidam
1408 1955 1531 1994 etiam
1559 1954 1615 1994 ad

271 2019 415 2059 Achon
452 2020 622 2072 regressi
661 2025 768 2068 sunt,
808 2021 878 2059 ubi
917 2020 1155 2060 victualium
1198 2034 1279 2060 non
1317 2025 1406 2060 erat
1443 2026 1609 2073 egestas.

270 2084 486 2124 Non-nulli
533 2086 657 2124 etiam
705 2086 876 2136 profecti
923 2091 1020 2125 sunt
1065 2086 1221 2137 Tyrum
1267 2085 1320 2125 ad
1367 2085 1614 2125 Marchisum

272 2151 342 2202 qui
361 2150 581 2202 plurimum
601 2164 668 2190 eos
687 2150 739 2190 ad
759 2151 801 2189 id
821 2151 1120 2199 sollicitaverat,
1142 2150 1309 2202 quidam
1335 2163 1493 2203 quoque
1521 2164 1613 2191 cum

271 2215 373 2255 duee
393 2215 639 2268 Burgundiae
666 2216 718 2255 ob
746 2216 847 2255 iram
876 2223 918 2256 et
945 2217 1267 2269 indignationem
1286 2216 1544 2256 diverterunt
1562 2215 1615 2255 ad

272 2280 465 2320 casellum
485 2280 535 2319 de
555 2280 704 2329 Planis,
726 2281 796 2320 ubi
816 2295 888 2333 per
907 2288 999 2321 octo
1018 2282 1105 2320 dies
1125 2282 1271 2320 morati
1291 2286 1399 2321 sunt.

290 2374 365 2413 The
377 2374 504 2413 march
516 2374 559 2425 by
570 2375 694 2413 Ibelin
708 2379 742 2414 to
753 2376 791 2414 A
796 2375 919 2414 scalon
930 2388 1006 2414 was
1015 2375 1124 2415 made
1137 2375 1292 2426 difficult
1305 2375 1348 2426 by
1358 2376 1472 2428 hewy
1485 2377 1600 2415 raim.
