1708 2684
282 227 332 265 26
529 225 919 266 ITINERARIUM
947 226 1112 267 REGIS
1140 227 1376 268 RIOARDI

275 351 318 387 et
350 353 492 400 portus
522 348 655 396 maris,
691 353 734 388 et
762 348 996 400 frequentes
1028 349 1072 388 in
1098 347 1350 390 Christianos
1377 348 1622 390 moliebatur

274 413 460 462 assultus,
483 419 526 452 et
543 413 801 466 gravissimas
819 414 1077 454 incursiones.
1135 415 1226 455 Rex
1244 415 1441 455 Ricardus
1459 416 1621 456 omnem

275 491 414 517 eorum
443 478 680 519 aestimando
709 479 940 531 speculatur
967 480 1191 520 exercitum
1208 494 1220 530 3
1248 481 1319 533 qui
1343 494 1435 520 cum
1459 479 1621 520 delatus

274 543 317 582 in
350 549 515 596 portum
547 545 817 597 applicuisset,
849 559 923 585 rex
953 545 1134 586 Franciae
1165 551 1207 586 et
1238 546 1366 586 totius
1397 545 1621 587 incolarum

278 610 478 649 exercitus
507 614 729 663 magnates,
761 624 956 663 procere8‚
987 615 1031 651 et
1055 616 1243 664 potentes
1273 614 1561 664 processerunt*
1584 611 1622 652 ei

277 675 449 724 obviam,
489 676 738 728 excipientes
783 690 874 716 cum
920 676 1069 730 gaudio
1117 682 1159 717 et
1205 677 1467 726 exultatione,
1505 677 1623 730 cujus

278 740 470 781 nimirum
487 741 712 782 adventum
730 742 950 783 admodum
969 742 1309 784 desideraverant.

588 912 661 952 All
680 912 738 953 the
760 913 964 954 Orusaders
973 913 1080 966 form
1098 927 1165 954 one
1185 913 1322 966 Army.

283 1003 428 1043 OMNIS
457 1004 565 1044 enim
593 1005 767 1058 populus
795 1005 1011 1046 laetabatur
1038 1005 1196 1054 eximie,
1227 1005 1363 1046 fausta
1389 1004 1624 1054 acclamans,

282 1070 618 1121 concrepantibus
643 1071 844 1124 trumpis3
874 1071 1091 1111 deducitur
1117 1071 1160 1110 in
1188 1071 1332 1123 jubilo,
1353 1075 1396 1111 et
1414 1070 1463 1111 fit
1483 1069 1628 1110 laetitia

372 1171 455 1202 1191
552 1150 699 1190 magna
717 1137 760 1176 in
779 1137 942 1189 populo,
958 1137 1054 1189 quia
1068 1137 1184 1177 venit
1202 1136 1456 1176 desideratus
1472 1136 1628 1177 cunctis

371 1212 466 1250 RS..
549 1202 750 1255 gentibus.
810 1201 929 1242 Turei
965 1215 1062 1242 vero
1096 1202 1258 1250 obsessi,
1293 1202 1381 1242 vice
1414 1214 1543 1250 versa,
1575 1201 1628 1242 de

357 1267 389 1299 P·
410 1259 485 1290 211.
554 1268 642 1320 ejus
672 1268 854 1307 adventu
887 1268 1059 1307 nimium
1089 1267 1287 1315 exterriti,
1315 1266 1487 1307 desolati
1517 1271 1627 1308 sunt.

285 1333 596 1385 Perpendebant
615 1333 724 1373 enim
742 1333 877 1373 exitus
893 1346 987 1372 suos
1007 1338 1049 1373 et
1067 1332 1222 1372 reditus
1241 1332 1293 1372 de
1311 1336 1457 1373 caetero
1475 1345 1630 1373 cessare

284 1412 307 1438 a
345 1399 610 1439 multitudine
640 1398 848 1451 galearum
877 1398 994 1452 regis
1053 1399 1146 1438 Duo
1176 1411 1290 1451 reges
1321 1412 1346 1438 a
1374 1403 1508 1450 portu,
1543 1410 1631 1438 sese

287 1470 430 1504 mutuo
458 1464 706 1504 deducentes
733 1468 956 1516 gratanter,
988 1463 1172 1503 officiosis
1200 1463 1446 1503 alterutrum
1465 1475 1629 1503 venera-

286 1531 438 1570 bantur
468 1530 680 1582 obsequiis.
739 1529 899 1569 Deinde
931 1543 1004 1569 rex
1037 1528 1234 1569 Ricardus
1267 1529 1311 1568 in
1347 1528 1525 1569 tentoria
1554 1528 1632 1569 sibi

286 1602 513 1650 praeparata
543 1610 584 1636 se
617 1596 826 1648 recipiens,
859 1595 910 1635 de
943 1595 1132 1648 gerendis
1170 1594 1345 1648 negotiis
1377 1594 1629 1647 disponebat.

288 1662 423 1701 Multa
441 1661 605 1713 quidem
625 1661 900 1701 meditabatur
918 1659 1203 1709 sollicitudine,
1225 1673 1306 1712 qua
1323 1660 1528 1709 instantia,
1551 1672 1632 1712 quo

288 1727 469 1775 artificio,
510 1727 656 1779 quibus
694 1727 890 1766 machinis
919 1726 1062 1766 civitas
1095 1725 1339 1778 expeditiori
1377 1724 1632 1778 comprehen-

290 1792 456 1832 deretur
474 1791 725 1844 compendio.

713 1964 981 2013 Richard's
1015 1965 1055 2013 I
1052 1963 1208 2013 llness.

291 2066 343 2106 IN
377 2077 471 2118 rege
499 2064 691 2103 nimirum
724 2063 899 2104 Ricardo
925 2077 1015 2116 spes
1044 2064 1225 2104 omnium
1257 2064 1470 2116 pendebat.
1529 2063 1633 2105 Cum

291 2137 428 2171 autem
465 2143 537 2182 per
565 2129 722 2181 aliquot
754 2129 840 2169 dies
869 2129 927 2169 ibi
965 2143 1120 2169 moram
1152 2129 1323 2178 fecisset,
1355 2129 1635 2183 gravissimam

384 2231 466 2262 1191
561 2195 734 2234 incurrit
780 2194 1074 2247 aegritudinem,
1132 2208 1220 2247 quae
1269 2194 1392 2247 vulgo
1439 2194 1637 2235 Arnoldia

378 2255 481 2311 R.S.,'
562 2265 739 2308 vocatur,
762 2273 814 2300 ex
838 2261 988 2313 ignotae
1016 2261 1192 2314 regionis
1218 2260 1519 2309 constitutione,
1544 2273 1637 2300 cum

354 2328 385 2360 P·
417 2318 491 2349 214.
564 2326 652 2377 ejus
680 2325 855 2364 naturali
881 2325 1158 2377 complexione
1190 2325 1324 2365 minus
1356 2325 1637 2365 concordante.

297 2393 573 2435 Nihilominus
601 2404 707 2439 vero,
739 2391 935 2443 petrarias
965 2404 1057 2430 suas
1085 2391 1249 2430 interim
1277 2396 1320 2431 et
1347 2390 1638 2444 mangunellos,
