1708 2684
303 255 354 293 52
555 254 941 297 ITINERARIUM
970 257 1134 298 REGIS
1163 256 1397 299 RIOARDI

305 376 432 428 ipsius
474 376 719 425 SalahadinL
765 378 836 430 qui
874 391 946 418 sua
982 378 1194 418 clamando
1233 391 1458 432 proponere
1497 377 1654 426 solebat

306 440 449 481 edicta.
508 441 575 481 Illi
598 442 671 482 soli
701 441 909 496 pepercit3
937 448 979 483 et
1011 443 1318 496 comprehendit
1355 450 1438 484 tres
1467 441 1651 492 camelos,

605 513 647 547 et
676 521 801 560 equos
829 512 872 548 et
899 508 1041 557 mulos,
1063 514 1105 549 et
1125 508 1313 562 pulchros
1331 508 1652 551 Turkemannos.

600 572 803 613 Praeterea
821 573 897 614 sibi
916 573 1095 614 lucratus
1113 579 1176 614 est
1194 573 1296 614 duas
1314 574 1488 628 optimas
1506 572 1650 622 mulas,

603 644 770 679 onustas
829 639 1128 692 pretiosissimis
1185 640 1321 681 sericis
1374 639 1651 686 indumentis;

304 705 527 756 specierum
546 705 670 744 etiam
687 718 837 758 genera
856 705 997 754 multa,
1018 705 1135 745 aloen
1162 709 1205 745 et
1230 709 1376 745 caetera
1391 719 1402 755 ς
1431 704 1652 745 Saracenos

304 770 428 809 etiam
458 770 677 823 perniciter
706 770 985 823 persequendo
1016 784 1089 823 per
1118 775 1312 810 montana
1342 770 1515 824 fugavit,
1548 769 1653 824 fugi-

305 839 440 875 tantes
472 835 676 883 caedendo,
707 849 918 888 quousque
947 850 1074 876 unum
1103 849 1243 876 eorum
1270 837 1314 876 in
1342 836 1448 876 valle
1476 835 1652 889 quadam

307 907 557 950 consecutus,
598 902 866 942 transfossum
913 902 965 942 ab
1003 915 1107 954 equo
1153 902 1304 954 dejecit
1349 901 1651 942 moribundum.

306 966 397 1015 Quo
415 967 603 1018 contrito,
624 981 696 1007 rex
717 967 964 1020 prospiciens
984 967 1090 1007 vidit,
1118 968 1275 1007 eminus
1302 967 1512 1008 civitatem
1535 965 1653 1008 Jeru-

307 1031 431 1072 salem
450 1046 657 1085 apparere.

363 1126 443 1166 The
476 1127 621 1166 Fremh
648 1127 764 1177 urqed
787 1140 840 1166 an
867 1127 1078 1166 immediate
1109 1127 1231 1166 attaek
1261 1140 1309 1166 on
1338 1125 1560 1174 Jerusalem,
1591 1125 1655 1165 but

307 1205 359 1232 an
387 1205 501 1243 army
530 1192 672 1231 coancil
698 1192 973 1231 recommended
997 1206 1050 1231 an
1081 1191 1289 1243 empediticm
1316 1195 1352 1231 to
1380 1191 1512 1243 qupt.
1579 1191 1654 1231 The

308 1258 455 1297 Freneh
474 1257 623 1308 refused
650 1261 684 1297 to
710 1261 831 1309 accept
856 1258 938 1297 this.
997 1258 1089 1297 Just
1114 1258 1211 1306 then,
1231 1257 1416 1306 Bernard,
1439 1257 1497 1297 the
1516 1257 1653 1308 Kinq's

305 1336 382 1374 spy,
404 1323 583 1361 returned
610 1322 698 1362 with
726 1336 824 1361 news
851 1323 929 1361 that
957 1336 982 1361 a
1006 1325 1108 1373 yreat
1137 1335 1298 1362 carava‘n
1324 1335 1402 1362 was
1429 1323 1571 1373 comem
1599 1335 1652 1376 up

297 1387 405 1439 from
423 1388 558 1439 Eyypt.
619 1388 693 1427 The
712 1388 858 1427 Fre‘twh
877 1387 1010 1439 joined
1028 1388 1195 1427 Riehard
1213 1389 1255 1427 in
1274 1387 1463 1439 attackinq
1480 1389 1519 1428 it.
1577 1388 1652 1429 All

299 1453 435 1504 fouyht
453 1454 545 1502 well,
568 1453 629 1492 hut
648 1454 815 1493 Bia-hard
833 1467 910 1493 was
923 1455 1182 1505 pre-eminent.

383 562 477 594 1192.

319 604 413 643 Rs,
431 615 464 647 p.
483 607 558 638 369.

581 1596 687 1646 The
711 1596 908 1645 Attaelc
935 1614 1001 1646 on
1025 1596 1106 1646 tlte
1134 1597 1386 1646 Caravan.

625 1702 723 1741 REX
752 1707 890 1742 autem
917 1702 1128 1750 Ricardus,
1151 1703 1224 1742 flos
1243 1703 1410 1742 virtutis
1438 1707 1482 1744 et
1508 1708 1652 1743 vertex

628 1767 798 1815 militiae,
812 1768 1011 1807 universis
1028 1768 1272 1807 eminentius
1287 1781 1406 1808 omne
1422 1767 1520 1809 tulit
1530 1781 1652 1821 punc-

628 1838 728 1882 tum,
751 1848 776 1873 a
794 1834 910 1885 cujus
937 1834 1092 1873 virtute
1115 1833 1202 1873 laus
1226 1834 1356 1874 omnis
1381 1834 1550 1874 inferior
1577 1839 1653 1874 est.

400 1757 496 1787 1192.

327 1798 566 1841 Rssqp3ae.

574 1988 681 2037 The
721 1987 890 2053 Spoz'ls
927 1987 984 2051 of
1017 1988 1097 2038 tlze
1138 1989 1394 2038 Caravan.

310 2076 375 2115 ΙΒΙ
390 2082 556 2116 retunsa
567 2082 630 2116 est
642 2091 805 2130 prorsus
817 2077 1040 2117 Turcorum
1053 2078 1251 2130 superbia,
1266 2083 1308 2117 et
1321 2078 1449 2117 fastus
1463 2077 1651 2127 abolitus,

310 2146 352 2181 et
381 2142 548 2181 audacia
574 2156 780 2194 repressa3
819 2142 875 2182 ibi
906 2156 1108 2182 carvanna
1138 2148 1328 2195 potenter
1358 2157 1383 2183 a
1412 2143 1562 2183 nostris
1592 2148 1654 2184 est

626 2207 866 2260 mancipata.
925 2207 989 2247 Ibi
1017 2208 1137 2248 Turci
1169 2209 1446 2260 jumentorum
1478 2207 1653 2248 onerari-

624 2286 740 2312 orum
779 2286 989 2312 carvannae
1035 2273 1222 2313 custodes
1261 2278 1303 2313 et
1339 2273 1654 2321 veredariorum,

626 2351 668 2377 se
714 2339 843 2391 gratis
894 2338 1100 2378 dedebant
1147 2338 1411 2390 captivandos
1457 2338 1656 2378 militibus

309 2403 458 2443 nostris
496 2406 538 2442 et
573 2403 792 2456 armigeris,
833 2407 876 2443 et
922 2417 1065 2443 manus
1112 2403 1312 2456 supplices
1357 2403 1651 2456 protendentes

394 2261 488 2292 1192.

324 2304 415 2342 Rs..
434 2314 467 2346 p.
486 2305 560 2336 390.
