1708 2684
423 175 812 216 ITINERARIUM
843 175 1008 216 REGIS
1036 174 1273 216 RICARDI
1472 175 1522 213 23

170 296 391 352 Naufragis
427 302 566 338 autem
604 297 755 338 nostris
793 298 837 337 in
874 296 1061 338 custodia
1098 297 1289 346 detentis,
1325 295 1525 349 compassi

171 376 356 416 proceres
378 364 510 404 nostri
535 363 688 404 eisdem
713 363 1026 404 destinaverunt
1045 368 1088 403 et
1106 362 1362 411 vestimenta,
1385 365 1429 403 et
1446 361 1525 402 alia

174 441 424 482 quaeounque
442 429 676 470 necessaria.

414 569 650 620 Bickard
682 568 843 627 Iands,
883 570 1019 634 May
1053 574 1101 627 6,
1137 574 1282 617 1191.

174 673 413 715 APPLIOUIT
449 689 525 717 rex
557 675 757 716 Rioardus
791 689 884 716 cum
922 675 1114 715 universo
1151 675 1349 715 comitatu
1379 688 1453 715 suo
1485 675 1529 714 in

175 744 342 794 portum
360 740 412 782 de
431 741 640 792 Limazun,
661 747 945 782 verumtamen
966 741 1074 782 infra
1092 754 1218 781 naves
1237 754 1280 781 se
1299 740 1526 782 cohibebat.

266 837 362 870 1191·
501 806 579 848 Cui
616 821 709 848 oum
746 808 993 848 innotuisset
1028 807 1080 847 de
1118 807 1410 860 naufragorum
1447 806 1526 846 dis-

215 880 392 968 ppRl‘gb'ae
446 874 625 923 crimine,
667 879 710 914 et
743 887 880 914 rerum
920 873 1162 926 direptione,
1201 877 1245 913 et
1282 873 1334 913 de
1373 873 1530 913 eaeteris

449 951 537 991 quae
584 939 750 980 interim
796 939 1040 987 acciderant,
1090 938 1213 979 altius
1259 937 1448 987 indoluit,
1488 944 1531 978 et

178 1003 311 1044 missis
347 1003 391 1044 in
428 1005 615 1054 crastino,
638 1004 808 1045 *seilicet
845 1005 912 1045 die
951 1004 1089 1053 Lunae,
1129 1003 1289 1044 duobus
1331 1003 1530 1043 militibus

178 1067 325 1122 legatis
339 1069 392 1109 ad
406 1069 733 1122 imperatorem*
746 1069 911 1122 pacifice
924 1069 1086 1122 rogavit
1100 1069 1232 1109 sibiet
1245 1068 1328 1108 suis
1343 1068 1530 1108 satisfieri

179 1133 232 1174 de
250 1133 375 1173 illatis
393 1133 567 1186 injuriiS,
588 1138 631 1174 et
650 1147 772 1186 super
796 1134 918 1173 rebus
948 1134 1237 1186 naufragorum
1265 1132 1531 1173 restituendis

179 1199 223 1240 in
248 1199 466 1253 integrum,
497 1198 550 1239 ad
570 1200 826 1240 voluntatem
854 1213 982 1240 suam.
1042 1199 1270 1252 Imperator
1289 1213 1387 1240 vero
1410 1212 1532 1252 super

179 1266 256 1307 hoo
283 1266 477 1306 mandato
496 1266 777 1306 vehementius
805 1266 1034 1319 indignans,
1058 1279 1105 1306 ae
1131 1266 1165 1305 si
1193 1266 1372 1306 maxima
1399 1265 1531 1306 eidem

179 1331 324 1372 fuisset
338 1331 453 1372 illata
471 1331 633 1384 injuria,
655 1332 697 1372 in
716 1332 841 1372 verba
859 1332 1047 1385 prorupit
1066 1331 1369 1372 contumeliosa.

234 1430 403 1472 Richafrd
431 1431 639 1483 ‘neyotiated
658 1431 746 1472 with
766 1431 824 1471 the
842 1430 1027 1483 Emperor
1048 1431 1092 1484 os
1114 1431 1272 1484 Cyprw,
1295 1431 1406 1471 Isaac
1427 1431 1532 1472 Gam-

180 1509 312 1545 newus,
349 1496 428 1536 and
465 1497 552 1537 then
580 1496 717 1549 fmcqht
753 1497 846 1538 him.
901 1498 961 1538 He
991 1496 1143 1537 wedded
1175 1497 1422 1549 Berenqaria,
1455 1496 1534 1537 and

179 1562 342 1604 received
361 1563 446 1615 Gay
463 1563 509 1616 of
523 1562 721 1614 Dasiqnan
740 1564 783 1603 in
804 1563 961 1616 Cypws.

450 1702 693 1768 Message
717 1700 857 1766 from
895 1701 1052 1768 King
1084 1700 1272 1767 Philip.

182 1806 435 1850 VENERUNT
471 1809 597 1863 legati
626 1808 680 1849 ad
709 1822 846 1863 regem
884 1809 1118 1858 Ricardum,
1150 1809 1362 1862 episcopus
1393 1809 1536 1850 Belva-

182 1876 324 1926 oensis,
347 1880 390 1916 et
418 1875 558 1930 Drogo
582 1875 634 1915 de
661 1875 807 1924 Mox-lo,
828 1876 892 1916 vir
910 1875 1056 1916 nobilis
1076 1881 1119 1916 et
1138 1875 1326 1924 famosus,
1349 1889 1402 1916 ex
1420 1881 1538 1928 parte

267 1965 365 1997 1191.
455 1941 562 1996 regis
617 1941 808 1993 Franciae,
856 1942 990 1995 ipsum
1035 1941 1249 1982 hortantes
1295 1942 1539 1983 festinanter

270 2007 367 2050 R·S-,
456 2007 722 2047 transfretare
753 2007 807 2047 ad
835 2007 1089 2048 obsidionem
1117 2007 1412 2056 Achonensem‚
1443 2022 1539 2061 quo-

200 2063 257 2097 ΡΡ·
277 2053 434 2085 199-200.
455 2074 564 2113 niam
600 2078 698 2113 ante
736 2074 825 2126 ejus
862 2073 1087 2113 adventum
1128 2073 1364 2113 asserebant
1402 2087 1539 2127 regem

185 2141 364 2182 Franciae
390 2154 472 2181 non
496 2144 828 2193 oppugnaturum
847 2139 1067 2179 civitatem.
1128 2139 1226 2180 Haeo
1246 2145 1288 2179 et
1308 2139 1371 2179 his
1391 2139 1540 2180 similia

123 2247 126 2251 ,
186 2207 324 2247 nuncii
362 2209 668 2259 prosequentem,
703 2205 828 2245 verba
864 2205 1072 2246 addebant
1109 2205 1413 2254 contumeliosa,
1444 2205 1540 2257 quia

187 2286 271 2313 non
302 2286 395 2313 eum
428 2271 485 2312 eis
516 2270 749 2324 expeditius
780 2270 951 2320 veniret,
984 2270 1068 2318 sed,
1102 2270 1259 2311 omissis
1292 2270 1538 2320 necessariis,

729 2360 747 2380 ⁸¹
772 2359 833 2392 See
848 2361 931 2392 note
949 2361 1001 2392 11.
