1708 2684
391 210 779 254 ITINERARIUM
808 212 974 254 REGIS
1002 212 1238 254 RICARDI
1443 212 1495 250 49

199 388 372 455 Army
406 390 601 441 decides
638 398 689 442 to
728 392 980 442 Advanee
1021 409 1086 441 on
1126 390 1429 442 Jerusalem.

135 489 284 531 SUPER
298 491 405 545 regis
418 491 581 532 Ricardi
594 506 753 534 recessu
767 494 823 534 sic
837 493 1009 534 diversis
1023 493 1186 534 diversa
1201 493 1488 541 sentientibus,

133 562 414 597 convenerunt
433 559 682 599 unanimiter
700 560 743 599 in
764 573 891 599 unum
911 559 1034 600 duces
1060 560 1262 600 exercitus
1282 565 1324 600 et
1343 559 1489 611 magis-

216 658 313 691 1192.
405 629 550 674 tmtus,
581 625 739 675 Franci,
773 625 1013 675 Normanni,
1046 625 1184 680 Angli,
1214 626 1486 674 Pictavenses‚

223 701 316 742 R.S.‚
406 689 772 740 cenomannenses,
809 692 1156 745 Andegavenses;
1200 697 1242 732 et
1275 705 1357 731 una
1390 705 1488 732 voce

157 754 216 789 ΡΡ·
235 746 367 779 359-60.
405 756 482 796 sibi
501 761 646 797 mutuo
665 758 1045 810 compromiserunt,
1067 757 1178 811 quod
1206 758 1291 798 sive
1310 758 1488 798 abeunte

132 835 226 874 rege
246 822 311 863 vel
331 827 582 869 remanente,
597 822 683 863 sine
703 824 815 863 omni
831 824 1040 864 occasione
1055 823 1325 876 procederent
1345 836 1487 864 versus

130 886 359 929 Jerusalem
387 888 666 929 obsidendam.
728 888 817 929 Hoc
846 889 889 928 in
919 889 1101 929 exercitu
1126 889 1211 941 jam
1241 889 1417 943 cognito,
1439 890 1488 930 fit

130 953 175 993 in
202 955 354 1007 populo
384 954 680 994 inaestimabilis
706 954 878 996 laetitia:
917 955 960 995 in
989 954 1196 995 communi
1226 954 1487 1008 congaudent

131 1019 322 1068 universi,
353 1019 505 1060 divites
534 1025 576 1060 et
604 1033 814 1074 pauperes,
845 1020 984 1074 pusilli
1014 1034 1106 1061 cum
1132 1021 1356 1074 majoribus
1370 1034 1379 1068 ;
1410 1034 1485 1062 nee

127 1085 213 1138 jam
249 1085 293 1125 in
325 1087 510 1126 exercitu
542 1087 757 1139 quisquam
791 1091 891 1134 erat,
926 1087 997 1139 qui
1028 1100 1102 1140 pro
1136 1087 1257 1126 modo
1290 1100 1364 1127 suo
1402 1100 1485 1126 non

129 1151 344 1192 exhiberet
380 1153 585 1192 exteriora
629 1152 789 1201 indicia,
830 1152 1115 1193 testimonium
1162 1152 1313 1206 gaudio
1351 1152 1484 1193 cordis

129 1217 334 1257 interioris
348 1233 360 1267 ;
388 1218 497 1258 unde
518 1231 645 1271 usque
664 1218 707 1257 in
726 1218 905 1259 mediam
924 1223 1099 1265 noctem,
1115 1219 1287 1271 copiosis
1307 1219 1484 1259 accensis

129 1283 411 1332 luminaribus,
442 1284 647 1325 ducebant
675 1284 831 1334 choros,
861 1284 1035 1325 diversis
1067 1290 1357 1338 concrepantes
1389 1299 1482 1325 can-

130 1349 327 1399 tionibus,
350 1354 392 1389 et

372 1433 396 1482 ‘f
407 1432 721 1483 Pervigiliducunt
738 1434 850 1467 noctis
865 1433 1048 1477 dispendia
1063 1433 1223 1477 plausu.”

126 1521 261 1562 Solius
290 1522 472 1562 animum
500 1522 608 1576 regis
638 1536 686 1563 ex
717 1522 870 1563 auditis
898 1537 1088 1563 curarum
1117 1524 1249 1564 urtica
1274 1522 1482 1573 sollicitat,

124 1586 196 1639 qui
253 1587 455 1640 profunde
514 1587 717 1628 meditans
774 1588 953 1629 alternas
1005 1588 1138 1628 variat
1194 1589 1479 1642 cogitationes.

125 1651 308 1702 Quarum
328 1653 434 1693 mole
454 1653 652 1707 fatigatus
672 1667 714 1693 se
735 1653 840 1695 lecto
859 1654 1008 1694 sternit
1027 1655 1170 1695 iratus.

227 1823 446 1874 William
482 1825 549 1891 qs
575 1826 779 1884 Poitou,
814 1825 1083 1875 Riclzard’e
1121 1825 1386 1892 Chaplain‚

444 1922 600 1971 urges
636 1906 708 1954 H
704 1906 770 1954 im
806 1911 857 1954 to
886 1921 1167 1971 persevere.

125 2007 148 2025 “
164 2002 348 2043 DOMINE
367 2017 452 2052 reX,
473 2017 524 2044 ex
544 2018 592 2044 eo
611 2004 721 2057 quod
741 2004 921 2044 reditum
941 2004 1140 2044 acceleras
1159 2005 1201 2043 in
1222 2004 1412 2056 patriam,
1434 2005 1478 2044 in

125 2069 347 2109 “exercitu
389 2070 443 2109 ab
485 2070 686 2110 universis
731 2070 962 2119 diffamaris,
1002 2070 1053 2110 ab
1092 2070 1156 2109 his
1193 2070 1369 2110 maxime
1408 2070 1479 2122 qui

214 2170 299 2202 1192
427 2136 709 2176 “familiarius
750 2142 869 2176 tuum
909 2141 1056 2189 optant
1089 2136 1300 2176 honorem.
1359 2135 1479 2186 Quod

213 2194 309 2252 R.s.,'
425 2207 450 2225 “
469 2202 580 2242 Deus
641 2208 802 2242 avertat
859 2208 908 2242 ut
964 2202 1214 2242 incertorum
1271 2202 1479 2242 occasione

134 2265 192 2299 ΡΡ·
211 2258 286 2294 3⁶²·
307 2258 382 2289 364.
427 2272 449 2290 ‘⁴
465 2281 675 2308 rumorum
701 2269 753 2308 ab
779 2268 903 2321 hujus
926 2272 1045 2308 terrae
1069 2268 1260 2308 desolatae
1281 2268 1479 2308 avertaris

126 2337 149 2356 ‘⁴
164 2333 442 2386 acquisitione.
522 2333 612 2373 Hoc
661 2333 828 2386 quidem
875 2333 919 2373 in
967 2339 1165 2373 aeternum
1214 2333 1478 2386 opprobrium

127 2399 363 2440 “credimus
401 2399 516 2439 vobis
554 2398 808 2450 cedendum3
848 2399 1029 2440 clarioris
1066 2399 1196 2453 gloria
1234 2399 1357 2453 coepti
1395 2412 1475 2439 non

1291 2468 1315 2504 4
