1708 2684
267 189 320 227 58
526 188 914 230 ITINERARIUM
943 189 1109 230 REGIS
1136 189 1376 230 RICARDI

269 322 371 360 quos
399 308 506 349 forte
532 309 630 363 fuga
656 310 833 351 velocior
861 311 1038 364 eripuit;
1066 311 1203 364 sicque
1230 310 1473 364 condignam
1499 308 1612 362 prius

277 374 452 414 victores
471 374 513 414 in
533 388 652 415 suum
671 376 842 416 exitium
863 377 1072 430 excipiunt
1089 375 1294 417 talionem.

675 497 859 564 Flight
896 499 963 563 of
991 498 1221 548 Saladin.

276 586 606 635 SALAHADINUS,
644 586 787 626 audito
833 587 940 640 regis
985 586 1177 636 adventu,
1225 590 1269 626 et
1314 585 1498 638 ejusdem
1534 589 1620 625 tam

274 650 452 704 eleganti
485 665 577 692 cum
605 653 687 692 suis
716 652 857 692 Turcis
885 666 1112 707 congressu,
1135 657 1177 692 et
1205 651 1315 705 quod
1341 651 1622 692 indifferenter

542 731 803 770 quoscunque
823 718 952 758 factos
971 718 1112 758 obvios
1127 717 1370 758 trucidasset
1379 732 1393 768 3
1412 717 1621 757 irruerunt

541 783 585 822 in
612 782 746 835 ipsum
775 784 941 824 timores
970 784 1115 831 subiti;
1135 784 1216 823 fuit
1243 783 1404 836 quippe,
1426 796 1538 823 more
1561 782 1617 824 le-

510 840 516 847 ’
543 848 652 901 poris
680 849 856 902 fugitivi,
876 849 1025 889 animal
1045 849 1348 889 timidissimum
1360 863 1372 899 3
1401 854 1443 888 et
1467 848 1620 889 avulsis

273 919 538 966 properanter
551 927 576 954 a
595 913 682 954 loco
701 915 900 964 tentoriis,
922 915 1096 955 subditis
1125 928 1228 966 equo
1253 914 1486 964 calcaribus,
1506 913 1616 969 fugit

268 993 293 1019 a
311 979 414 1020 facie
432 980 539 1033 regis
559 979 733 1028 Ricardi,
755 993 805 1020 ne
824 980 888 1020 vel
908 980 959 1019 ab
978 993 1026 1021 eo
1044 979 1254 1020 videretur

543 1101 744 1167 Repair
778 1099 836 1164 os
875 1100 1032 1151 Walls
1065 1099 1123 1164 of
1151 1102 1344 1167 Joppa.

274 1190 326 1229 IN
347 1189 534 1239 crastino,
555 1190 597 1229 in
617 1189 683 1230 die
703 1189 925 1239 Dominica,
947 1203 1020 1230 rex
1039 1190 1210 1230 sollicite
1229 1189 1464 1243 procuravit
1482 1203 1616 1230 muro·

274 1269 366 1295 rum
381 1254 519 1296 diruta
533 1255 711 1308 reparari
725 1268 734 1302 ;
755 1256 941 1296 similiter
956 1260 999 1295 et
1012 1255 1079 1296 die
1093 1255 1218 1295 Lunae
1234 1261 1277 1296 et
1292 1255 1451 1304 Martis,
1467 1260 1516 1295 ut
1533 1255 1618 1308 jam
1633 1301 1638 1310 ⁴

355 771 451 802 1192.

275 813 504 856 Its..p.410

570 1321 894 1374 qualemqualem
913 1322 1110 1362 haberent
1124 1322 1406 1370 munitionem,
1422 1321 1620 1374 reparatis

569 1400 778 1428 murorum
814 1387 1191 1440 interruptionibus,
1221 1387 1292 1427 sed
1322 1388 1408 1427 sine
1439 1387 1546 1428 calce
1576 1392 1620 1428 et

572 1457 767 1493 cemento.
841 1453 996 1493 Verum
1043 1453 1163 1493 nimis
1202 1453 1358 1493 vicinus
1395 1452 1619 1493 Turoorum

275 1517 582 1560 innumerabilis
601 1519 841 1559 imminebat:
860 1519 1072 1559 exercitus.

355 1376 452 1407 1192.

287 1418 379 1458 R„S„
398 1420 527 1461 p.412.

287 1639 393 1689 The
439 1639 611 1688 Turlcs
651 1646 835 1689 return
883 1647 933 1689 to
980 1639 1061 1689 tlte
1097 1639 1307 1689 Attaclc.
1392 1638 1626 1689 Riclcard

583 1718 842 1768 addresses
889 1718 969 1768 the
1019 1718 1314 1768 Crusaders.

278 1807 575 1856 “ADVERSIS,'’
615 1808 760 1861 inquit,
809 1809 987 1848 “mentis
1029 1809 1313 1862 imperterrita}
1346 1808 1524 1862 rigorem
1554 1822 1622 1862 op-

279 1879 302 1896 “
318 1873 468 1925 ponite.
541 1872 803 1913 Convalescat
833 1874 967 1914 virtus
999 1874 1163 1914 solidati
1196 1873 1370 1926 pectoris
1403 1874 1524 1914 obvia
1550 1873 1623 1914 ho-

360 1973 457 2053 ἓξ,
551 2008 574 2025 “
588 2002 796 2055 procellas.
873 2002 1027 2042 Scitote
1073 2001 1244 2042 adversa
1289 2001 1385 2054 pati,
1430 2001 1622 2054 quoniam

317 2070 373 2102 PP·
393 2058 505 2092 416-7.
552 2074 576 2092 “
594 2068 724 2108 omnis
743 2068 908 2108 fortuna
925 2067 1146 2108 tolerabilis
1165 2066 1312 2107 accidit
1336 2067 1471 2107 animo
1489 2066 1598 2107 virili
1612 2081 1624 2117 3

281 2140 305 2158 “
321 2135 544 2188 quinimmo
563 2133 799 2181 virtutibus,
819 2133 924 2173 sicut
946 2133 1130 2172 umbram
1155 2145 1357 2184 prospera,
1378 2132 1435 2172 sic
1452 2131 1623 2172 adversa

280 2207 304 2225 “
322 2205 518 2253 praestant
563 2198 780 2238 lucernam.
856 2197 1073 2245 Caeterum,
1112 2197 1165 2237 ad
1211 2197 1351 2250 fugam
1388 2210 1470 2237 non
1506 2201 1622 2249 patet

283 2266 440 2306 “locus.
497 2264 602 2305 Cum
630 2268 775 2304 cuncta
800 2263 887 2303 loca
905 2264 988 2315 jam
1007 2263 1144 2303 hostes
1163 2262 1460 2315 occupaverint,
1481 2261 1621 2315 fugam

282 2336 306 2353 “
320 2336 480 2370 tentare
507 2335 569 2369 est
592 2336 764 2369 mortem
788 2328 1020 2368 adsciscere.
1079 2327 1235 2367 Durate
1254 2327 1394 2380 igitur,
1416 2332 1458 2367 et
1476 2327 1621 2366 saevius

282 2401 305 2419 “
320 2409 468 2449 urgens
488 2394 702 2434 necessitas
723 2394 793 2433 fiat
812 2393 982 2433 materia
993 2393 1171 2435 virtutis,
1228 2392 1418 2432 Virorum
1430 2391 1622 2431 nimirum

551 1941 575 1959 ‘⁶
588 1939 713 1978 stium
751 1939 972 1992 asperitati,
1022 1952 1191 1979 evasura
1227 1938 1411 1991 profecto
1446 1938 1622 1980 fortunae
1693 1955 1697 1958 ·
