1708 2684
266 237 320 275 44
523 236 908 278 ITINERARIUM
937 237 1101 278 REGIS
1129 236 1366 278 RICARDI

260 369 400 396 corum
432 358 747 410 postulaverunt
772 359 824 399 ab
853 372 909 408 eo,
942 363 990 399 ut
1017 359 1137 411 juxta
1163 364 1323 411 pactam
1351 357 1608 412 sponsionem

259 422 479 475 deputaret
497 424 555 464 cis
574 424 698 465 duces
717 425 888 473 viarum,
909 430 952 464 et
980 425 1157 465 abeundi
1182 425 1310 464 libere
1331 423 1607 468 securitatem.

260 486 417 536 Quibus
447 502 519 529 rex
552 490 766 530 confestim
796 503 989 539 annuens,
1021 490 1247 543 assignavit
1274 490 1332 530 eis
1359 487 1608 530 deducendis

258 553 418 594 itineris
455 556 584 595 socios
622 569 745 608 quam
787 555 996 608 plurimos,
1043 555 1235 596 videlicet
1275 554 1527 608 Templarios
1563 558 1608 595 et

258 618 569 671 Hospitalarios,
607 626 649 661 et
681 621 872 661 comitem
903 620 1127 661 Henricum
1161 619 1404 673 Campaniae,
1436 623 1480 660 et
1507 618 1608 660 alios

258 684 421 725 multos.

551 823 807 874 Saladin's
851 825 1050 891 Troops
1085 822 1314 874 recalled.

254 923 396 964 TUROI
409 937 505 964 vero
524 924 688 965 uberius
708 925 962 974 laetabantur,
978 925 1041 965 his
1060 938 1149 978 quae
1161 925 1408 978 gerebantur
1427 923 1580 965 auditis
1597 940 1606 965 :

259 988 528 1030 Salahadinus
543 991 677 1038 etiam,
695 991 967 1031 referentibus
982 990 1031 1030 iis
1046 991 1116 1043 qui
1135 990 1211 1030 hoc
1225 990 1449 1039 audierant,
1465 989 1606 1030 statim

554 1056 686 1095 missis
705 1056 851 1109 legatis
880 1061 921 1096 et
941 1056 1162 1096 veredariis
1187 1055 1417 1095 litterarum
1441 1067 1605 1096 suarum

552 1122 834 1174 portitoribus,
874 1122 1074 1161 universis
1116 1135 1198 1161 suae
1241 1121 1389 1161 ditioni
1430 1119 1605 1162 addictis

554 1186 785 1227 mandando
803 1188 1005 1240 praecepit,
1022 1187 1156 1227 edicto
1174 1187 1396 1240 propositO,
1418 1191 1461 1227 et
1479 1185 1607 1227 admi·

339 1110 434 1141 1192.

271 1151 366 1193 R.S.‚
382 1163 415 1195 p.
435 1152 510 1187 327.

256 1252 366 1300 ratis,
406 1258 454 1292 ut
493 1253 603 1292 omni
637 1253 843 1293 occasione
880 1253 1109 1305 postposita
1146 1253 1302 1293 concite
1339 1252 1525 1292 redirent
1559 1252 1604 1292 in

255 1322 407 1356 terram
439 1317 786 1358 Jerosolimorum.
856 1322 881 1341 “
897 1318 1043 1358 Franci
1080 1317 1201 1371 jam,''
1237 1318 1386 1370 inquit,
1417 1317 1601 1358 “oborta

257 1386 280 1404 “
294 1383 402 1423 inter
429 1384 537 1436 ipsos
557 1384 765 1423 simultate
794 1390 1057 1432 recesserunt,
1089 1390 1240 1423 terram
1268 1383 1500 1424 deserentes
1517 1383 1602 1435 jam

258 1448 381 1488 “fere
400 1462 568 1488 vacuam
587 1449 810 1498 defensore,
828 1450 925 1501 quia
943 1449 1067 1489 robur
1079 1449 1174 1489 belli
1188 1454 1230 1488 et
1250 1449 1382 1488 virtus
1401 1448 1602 1488 exercitus

258 1517 281 1535 “
293 1513 618 1554 Christianorum
637 1516 721 1566 jam
741 1514 904 1564 decidit,
919 1515 1027 1554 unde
1043 1514 1094 1554 de
1113 1514 1222 1554 facili
1243 1518 1285 1554 et
1299 1520 1451 1554 terram
1470 1518 1602 1554 totam

254 1582 338 1619 “et
366 1580 607 1633 principales
636 1581 836 1628 civitates,
859 1580 1068 1620 Achonem
1098 1586 1140 1620 et
1166 1579 1335 1632 Tyrum,
1361 1579 1602 1619 obtinendas

258 1651 281 1669 “
296 1661 378 1687 non
397 1648 616 1688 diffidimus
635 1649 678 1688 in
690 1649 844 1689 brevi.'’
901 1649 968 1688 Ad
985 1648 1152 1688 Soldani
1173 1647 1411 1688 mandatum
1428 1647 1603 1688 redeunt

255 1713 391 1761 Turci,
422 1714 556 1753 minus
586 1719 723 1754 tamen
754 1714 988 1759 voluntarii,
1019 1713 1324 1767 praeteritorum
1357 1726 1438 1753 non
1465 1713 1602 1752 imme-

258 1792 399 1826 mores,
422 1783 465 1818 et
489 1780 650 1832 agmine
678 1780 842 1827 rariore,
873 1779 968 1819 licet
996 1785 1143 1819 nostrae
1171 1783 1357 1831 respectu
1385 1778 1602 1831 paucitatis

252 1844 303 1883 ad
326 1845 641 1896 superfluentem
661 1859 874 1885 numerum
895 1850 1175 1885 excreverunt.

308 1943 475 1982 Richard
500 1944 667 1983 resumed
685 1944 743 1983 the
761 1944 972 1994 rebuz'ldi‘nq
991 1943 1035 1995 os
1053 1943 1232 1990 Ascalon,
1254 1943 1360 1982 while
1379 1942 1438 1982 the
1456 1941 1610 2006 Fretwhv

253 2021 342 2058 yave
361 2009 566 2047 themselves
581 2022 631 2060 up
650 2011 687 2047 to
707 2008 844 2060 luzury
862 2009 906 2047 in
927 2009 1032 2060 Tyre.

606 2217 672 2264 N
666 2232 763 2264 ews
792 2215 934 2278 from
971 2214 1237 2280 England.

254 2316 365 2356 POST
385 2317 539 2356 Pascha
553 2317 808 2368 completum,
827 2316 1064 2356 imminente
1084 2315 1443 2355 transfretantibus
1457 2328 1598 2368 oppor-

254 2387 354 2421 tuna
381 2382 594 2434 temperie,
622 2382 736 2421 venit
761 2382 932 2420 nuncius
955 2381 1007 2420 ad
1035 2394 1171 2433 regem
1202 2380 1433 2429 Ricardum,
1462 2385 1598 2420 totum
