<?xml version="1.0" encoding="UTF-8"?>
<!DOCTYPE html PUBLIC "-//W3C//DTD XHTML 1.0 Transitional//EN"
    "http://www.w3.org/TR/xhtml1/DTD/xhtml1-transitional.dtd">
<html xmlns="http://www.w3.org/1999/xhtml" xml:lang="en" lang="en">
 <head>
  <title>
</title>
<meta http-equiv="Content-Type" content="text/html;charset=utf-8" />
  <meta name='ocr-system' content='tesseract 3.04.00' />
  <meta name='ocr-capabilities' content='ocr_page ocr_carea ocr_par ocr_line ocrx_word'/>
</head>
<body>
  <div class='ocr_page' id='page_1' title='image "./itinerariumregis00richuoft/itinerariumregis00richuoft_0034.png"; bbox 0 0 1708 2684; ppageno 0'>
   <div class='ocr_carea' id='block_1_1' title="bbox 283 257 1382 300">
    <p class='ocr_par' dir='ltr' id='par_1_1' title="bbox 283 257 1382 300">
     <span class='ocr_line' id='line_1_1' title="bbox 283 257 1382 300; baseline -0.001 -1"><span class='ocrx_word' id='word_1_1' title='bbox 283 261 335 299; x_wconf 90' lang='lat'><strong>30</strong></span> <span class='ocrx_word' id='word_1_2' title='bbox 531 257 921 299; x_wconf 85' lang='lat' dir='ltr'><strong>ITINERARIUM</strong></span> <span class='ocrx_word' id='word_1_3' title='bbox 949 258 1117 299; x_wconf 75' lang='lat' dir='ltr'><strong>REGIS</strong></span> <span class='ocrx_word' id='word_1_4' title='bbox 1145 258 1382 300; x_wconf 87' lang='lat' dir='ltr'>RICARDI</span> 
     </span>
    </p>
   </div>
   <div class='ocr_carea' id='block_1_2' title="bbox 541 430 1355 497">
    <p class='ocr_par' dir='ltr' id='par_1_2' title="bbox 541 430 1355 497">
     <span class='ocr_line' id='line_1_2' title="bbox 541 430 1355 497; baseline 0.001 -18"><span class='ocrx_word' id='word_1_5' title='bbox 541 430 716 496; x_wconf 72' lang='lat' dir='ltr'><strong>Philip</strong></span> <span class='ocrx_word' id='word_1_6' title='bbox 752 431 945 481; x_wconf 73' lang='lat' dir='ltr'><strong>decides</strong></span> <span class='ocrx_word' id='word_1_7' title='bbox 979 438 1030 481; x_wconf 84' lang='lat' dir='ltr'><strong>to</strong></span> <span class='ocrx_word' id='word_1_8' title='bbox 1061 448 1134 497; x_wconf 83' lang='lat' dir='ltr'><strong>go</strong></span> <span class='ocrx_word' id='word_1_9' title='bbox 1169 431 1355 481; x_wconf 84' lang='lat' dir='ltr'><strong><em>Home.</em></strong></span> 
     </span>
    </p>
   </div>
   <div class='ocr_carea' id='block_1_3' title="bbox 278 536 1628 1834">
    <p class='ocr_par' dir='ltr' id='par_1_3' title="bbox 278 536 1628 1834">
     <span class='ocr_line' id='line_1_3' title="bbox 280 536 1628 591; baseline 0.001 -15"><span class='ocrx_word' id='word_1_10' title='bbox 280 536 353 577; x_wconf 76' lang='lat' dir='ltr'><strong>SIC</strong></span> <span class='ocrx_word' id='word_1_11' title='bbox 391 550 432 576; x_wconf 88' lang='lat' dir='ltr'><strong>se</strong></span> <span class='ocrx_word' id='word_1_12' title='bbox 470 537 591 577; x_wconf 90' lang='lat' dir='ltr'><strong>rebus</strong></span> <span class='ocrx_word' id='word_1_13' title='bbox 628 537 886 585; x_wconf 70' lang='lat' dir='ltr'><strong>habentibus,</strong></span> <span class='ocrx_word' id='word_1_14' title='bbox 921 543 1097 578; x_wconf 88' lang='lat' dir='ltr'><strong>exeunte</strong></span> <span class='ocrx_word' id='word_1_15' title='bbox 1127 538 1211 590; x_wconf 80' lang='lat' dir='ltr'><strong>jam</strong></span> <span class='ocrx_word' id='word_1_16' title='bbox 1238 551 1374 578; x_wconf 87' lang='lat' dir='ltr'><strong>mense</strong></span> <span class='ocrx_word' id='word_1_17' title='bbox 1401 536 1506 578; x_wconf 81' lang='lat' dir='ltr'><strong>Julii</strong></span> <span class='ocrx_word' id='word_1_18' title='bbox 1533 541 1628 591; x_wconf 82' lang='lat' dir='ltr'><strong>post</strong></span> 
     </span>
     <span class='ocr_line' id='line_1_4' title="bbox 278 602 1628 656; baseline 0.001 -14"><span class='ocrx_word' id='word_1_19' title='bbox 278 602 485 642; x_wconf 89' lang='lat' dir='ltr'><strong>redditum</strong></span> <span class='ocrx_word' id='word_1_20' title='bbox 505 603 726 651; x_wconf 86' lang='lat' dir='ltr'><strong>civitatem,</strong></span> <span class='ocrx_word' id='word_1_21' title='bbox 748 603 855 643; x_wconf 87' lang='lat' dir='ltr'><strong>infra</strong></span> <span class='ocrx_word' id='word_1_22' title='bbox 874 617 994 656; x_wconf 91' lang='lat' dir='ltr'><strong>quem</strong></span> <span class='ocrx_word' id='word_1_23' title='bbox 1014 603 1123 643; x_wconf 84' lang='lat' dir='ltr'><strong>Crux</strong></span> <span class='ocrx_word' id='word_1_24' title='bbox 1150 611 1288 643; x_wconf 88' lang='lat' dir='ltr'><strong>sancta</strong></span> <span class='ocrx_word' id='word_1_25' title='bbox 1311 603 1628 655; x_wconf 72' lang='lat' dir='ltr'><strong>promittebatur</strong></span> 
     </span>
     <span class='ocr_line' id='line_1_5' title="bbox 364 667 1626 725; baseline 0.002 -17"><span class='ocrx_word' id='word_1_26' title='bbox 364 692 460 725; x_wconf 86' lang='lat'>1191.</span> <span class='ocrx_word' id='word_1_27' title='bbox 551 682 576 708; x_wconf 86' lang='lat' dir='ltr'><strong>a</strong></span> <span class='ocrx_word' id='word_1_28' title='bbox 604 668 759 716; x_wconf 87' lang='lat' dir='ltr'><strong>Turcis,</strong></span> <span class='ocrx_word' id='word_1_29' title='bbox 790 682 864 722; x_wconf 91' lang='lat' dir='ltr'><strong>pro</strong></span> <span class='ocrx_word' id='word_1_30' title='bbox 893 668 1113 709; x_wconf 81' lang='lat' dir='ltr'><strong>liberandis</strong></span> <span class='ocrx_word' id='word_1_31' title='bbox 1141 668 1362 718; x_wconf 88' lang='lat' dir='ltr'><strong>obsidibus,</strong></span> <span class='ocrx_word' id='word_1_32' title='bbox 1390 667 1626 720; x_wconf 80' lang='lat' dir='ltr'><strong>reddenda;</strong></span> 
     </span>
     <span class='ocr_line' id='line_1_6' title="bbox 361 734 1627 788; baseline 0.001 -14"><span class='ocrx_word' id='word_1_33' title='bbox 361 735 459 773; x_wconf 73' lang='lat' dir='ltr'>RS..</span> <span class='ocrx_word' id='word_1_34' title='bbox 552 735 667 774; x_wconf 83' lang='lat' dir='ltr'><strong>ecce!</strong></span> <span class='ocrx_word' id='word_1_35' title='bbox 709 748 848 774; x_wconf 92' lang='lat' dir='ltr'><strong>rumor</strong></span> <span class='ocrx_word' id='word_1_36' title='bbox 875 748 948 787; x_wconf 92' lang='lat' dir='ltr'><strong>per</strong></span> <span class='ocrx_word' id='word_1_37' title='bbox 975 734 1198 775; x_wconf 84' lang='lat' dir='ltr'><strong>exercitum</strong></span> <span class='ocrx_word' id='word_1_38' title='bbox 1226 734 1460 784; x_wconf 75' lang='lat' dir='ltr'><strong>increbruit,</strong></span> <span class='ocrx_word' id='word_1_39' title='bbox 1489 747 1627 788; x_wconf 86' lang='lat' dir='ltr'><strong>regem</strong></span> 
     </span>
     <span class='ocr_line' id='line_1_7' title="bbox 322 778 1627 854; baseline 0.001 -14"><span class='ocrx_word' id='word_1_40' title='bbox 322 788 379 822; x_wconf 85' lang='lat' dir='ltr'><strong>pp.</strong></span> <span class='ocrx_word' id='word_1_41' title='bbox 396 778 508 812; x_wconf 86' lang='lat'>236-7.</span> <span class='ocrx_word' id='word_1_42' title='bbox 552 800 743 849; x_wconf 80' lang='lat' dir='ltr'><strong>Franciae,</strong></span> <span class='ocrx_word' id='word_1_43' title='bbox 782 801 826 839; x_wconf 91' lang='lat' dir='ltr'><strong>in</strong></span> <span class='ocrx_word' id='word_1_44' title='bbox 863 814 944 852; x_wconf 91' lang='lat' dir='ltr'><strong>quo</strong></span> <span class='ocrx_word' id='word_1_45' title='bbox 981 800 1185 852; x_wconf 84' lang='lat' dir='ltr'><strong>pendebat</strong></span> <span class='ocrx_word' id='word_1_46' title='bbox 1218 813 1308 853; x_wconf 86' lang='lat' dir='ltr'><strong>spes</strong></span> <span class='ocrx_word' id='word_1_47' title='bbox 1338 799 1490 854; x_wconf 89' lang='lat' dir='ltr'><strong>populi,</strong></span> <span class='ocrx_word' id='word_1_48' title='bbox 1522 799 1627 841; x_wconf 85' lang='lat' dir='ltr'><strong>velle</strong></span> 
     </span>
     <span class='ocr_line' id='line_1_8' title="bbox 279 865 1627 919; baseline 0.001 -14"><span class='ocrx_word' id='word_1_49' title='bbox 279 867 512 918; x_wconf 87' lang='lat' dir='ltr'><strong>repatriare,</strong></span> <span class='ocrx_word' id='word_1_50' title='bbox 545 871 587 906; x_wconf 91' lang='lat' dir='ltr'><strong>et</strong></span> <span class='ocrx_word' id='word_1_51' title='bbox 619 866 699 905; x_wconf 88' lang='lat' dir='ltr'><strong>iter</strong></span> <span class='ocrx_word' id='word_1_52' title='bbox 727 879 846 905; x_wconf 85' lang='lat' dir='ltr'><strong>suum</strong></span> <span class='ocrx_word' id='word_1_53' title='bbox 874 879 1119 919; x_wconf 87' lang='lat' dir='ltr'><strong>magnopere</strong></span> <span class='ocrx_word' id='word_1_54' title='bbox 1147 879 1382 919; x_wconf 73' lang='lat' dir='ltr'><strong>praeparare.</strong></span> <span class='ocrx_word' id='word_1_55' title='bbox 1440 865 1477 906; x_wconf 92' lang='lat' dir='ltr'>O</span> <span class='ocrx_word' id='word_1_56' title='bbox 1504 878 1627 919; x_wconf 78' lang='lat' dir='ltr'><strong>quam</strong></span> 
     </span>
     <span class='ocr_line' id='line_1_9' title="bbox 278 931 1627 984; baseline 0.001 -13"><span class='ocrx_word' id='word_1_57' title='bbox 278 932 531 984; x_wconf 88' lang='lat' dir='ltr'><strong>probrosum,</strong></span> <span class='ocrx_word' id='word_1_58' title='bbox 586 944 761 983; x_wconf 89' lang='lat' dir='ltr'><strong>quamve</strong></span> <span class='ocrx_word' id='word_1_59' title='bbox 813 931 1162 980; x_wconf 89' lang='lat' dir='ltr'><strong>contumeliosum,</strong></span> <span class='ocrx_word' id='word_1_60' title='bbox 1210 931 1343 972; x_wconf 83' lang='lat' dir='ltr'><strong>adhuc</strong></span> <span class='ocrx_word' id='word_1_61' title='bbox 1388 931 1627 972; x_wconf 78' lang='lat' dir='ltr'><strong>imminente</strong></span> 
     </span>
     <span class='ocr_line' id='line_1_10' title="bbox 278 996 1627 1050; baseline 0.001 -14"><span class='ocrx_word' id='word_1_62' title='bbox 278 1003 395 1037; x_wconf 81' lang='lat' dir='ltr'><strong>tanto</strong></span> <span class='ocrx_word' id='word_1_63' title='bbox 415 1003 457 1037; x_wconf 88' lang='lat' dir='ltr'><strong>et</strong></span> <span class='ocrx_word' id='word_1_64' title='bbox 476 996 680 1050; x_wconf 88' lang='lat' dir='ltr'><strong>pendente</strong></span> <span class='ocrx_word' id='word_1_65' title='bbox 700 997 875 1050; x_wconf 73' lang='lat' dir='ltr'><strong>negotio,</strong></span> <span class='ocrx_word' id='word_1_66' title='bbox 890 997 1024 1049; x_wconf 90' lang='lat' dir='ltr'><strong>ipsum</strong></span> <span class='ocrx_word' id='word_1_67' title='bbox 1037 997 1139 1037; x_wconf 90' lang='lat' dir='ltr'><strong>velle</strong></span> <span class='ocrx_word' id='word_1_68' title='bbox 1155 997 1275 1046; x_wconf 89' lang='lat' dir='ltr'><strong>abire,</strong></span> <span class='ocrx_word' id='word_1_69' title='bbox 1295 997 1411 1050; x_wconf 81' lang='lat' dir='ltr'><strong>eujus</strong></span> <span class='ocrx_word' id='word_1_70' title='bbox 1429 997 1627 1037; x_wconf 84' lang='lat' dir='ltr'><strong>intererat</strong></span> 
     </span>
     <span class='ocr_line' id='line_1_11' title="bbox 279 1062 1625 1116; baseline 0 -14"><span class='ocrx_word' id='word_1_71' title='bbox 279 1068 437 1103; x_wconf 88' lang='lat' dir='ltr'><strong>tantam</strong></span> <span class='ocrx_word' id='word_1_72' title='bbox 465 1062 605 1115; x_wconf 92' lang='lat' dir='ltr'><strong>populi</strong></span> <span class='ocrx_word' id='word_1_73' title='bbox 634 1062 944 1102; x_wconf 89' lang='lat' dir='ltr'><strong>multitudinem</strong></span> <span class='ocrx_word' id='word_1_74' title='bbox 972 1076 1123 1116; x_wconf 88' lang='lat' dir='ltr'><strong>regere,</strong></span> <span class='ocrx_word' id='word_1_75' title='bbox 1146 1068 1188 1102; x_wconf 90' lang='lat' dir='ltr'><strong>et</strong></span> <span class='ocrx_word' id='word_1_76' title='bbox 1214 1063 1258 1102; x_wconf 90' lang='lat' dir='ltr'><strong>in</strong></span> <span class='ocrx_word' id='word_1_77' title='bbox 1281 1076 1383 1115; x_wconf 86' lang='lat' dir='ltr'><strong>opus</strong></span> <span class='ocrx_word' id='word_1_78' title='bbox 1409 1068 1494 1102; x_wconf 90' lang='lat' dir='ltr'><strong>tam</strong></span> <span class='ocrx_word' id='word_1_79' title='bbox 1511 1062 1625 1115; x_wconf 89' lang='lat' dir='ltr'><strong>pium</strong></span> 
     </span>
     <span class='ocr_line' id='line_1_12' title="bbox 279 1127 1625 1182; baseline -0.001 -15"><span class='ocrx_word' id='word_1_80' title='bbox 279 1128 429 1181; x_wconf 87' lang='lat' dir='ltr'><strong>populo</strong></span> <span class='ocrx_word' id='word_1_81' title='bbox 460 1128 694 1168; x_wconf 87' lang='lat' dir='ltr'><strong>Christiano</strong></span> <span class='ocrx_word' id='word_1_82' title='bbox 727 1133 811 1167; x_wconf 88' lang='lat' dir='ltr'><strong>tam</strong></span> <span class='ocrx_word' id='word_1_83' title='bbox 841 1130 1114 1168; x_wconf 84' lang='lat' dir='ltr'><strong>necessarium</strong></span> <span class='ocrx_word' id='word_1_84' title='bbox 1146 1128 1354 1182; x_wconf 87' lang='lat' dir='ltr'><strong>instigare,</strong></span> <span class='ocrx_word' id='word_1_85' title='bbox 1389 1133 1433 1168; x_wconf 89' lang='lat' dir='ltr'><strong>et</strong></span> <span class='ocrx_word' id='word_1_86' title='bbox 1468 1127 1625 1181; x_wconf 87' lang='lat' dir='ltr'><strong>negotii</strong></span> 
     </span>
     <span class='ocr_line' id='line_1_13' title="bbox 281 1193 1626 1246; baseline 0 -13"><span class='ocrx_word' id='word_1_87' title='bbox 281 1200 367 1234; x_wconf 89' lang='lat' dir='ltr'><strong>tam</strong></span> <span class='ocrx_word' id='word_1_88' title='bbox 395 1194 512 1234; x_wconf 83' lang='lat' dir='ltr'><strong>ardui</strong></span> <span class='ocrx_word' id='word_1_89' title='bbox 540 1207 756 1246; x_wconf 89' lang='lat' dir='ltr'><strong>procurare</strong></span> <span class='ocrx_word' id='word_1_90' title='bbox 785 1197 1043 1246; x_wconf 82' lang='lat' dir='ltr'><strong>processum!</strong></span> <span class='ocrx_word' id='word_1_91' title='bbox 1099 1193 1135 1233; x_wconf 93' lang='lat' dir='ltr'>O</span> <span class='ocrx_word' id='word_1_92' title='bbox 1157 1194 1256 1246; x_wconf 91' lang='lat' dir='ltr'><strong>quid</strong></span> <span class='ocrx_word' id='word_1_93' title='bbox 1284 1198 1498 1246; x_wconf 87' lang='lat' dir='ltr'><strong>tantopere</strong></span> <span class='ocrx_word' id='word_1_94' title='bbox 1517 1193 1626 1233; x_wconf 86' lang='lat' dir='ltr'><strong>viam</strong></span> 
     </span>
     <span class='ocr_line' id='line_1_14' title="bbox 279 1259 1626 1313; baseline 0 -14"><span class='ocrx_word' id='word_1_95' title='bbox 279 1260 556 1313; x_wconf 80' lang='lat' dir='ltr'><strong>longissimam</strong></span> <span class='ocrx_word' id='word_1_96' title='bbox 587 1273 675 1299; x_wconf 90' lang='lat' dir='ltr'><strong>eam</strong></span> <span class='ocrx_word' id='word_1_97' title='bbox 705 1259 826 1299; x_wconf 88' lang='lat' dir='ltr'><strong>avida</strong></span> <span class='ocrx_word' id='word_1_98' title='bbox 860 1273 961 1312; x_wconf 79' lang='lat' dir='ltr'><strong>pene</strong></span> <span class='ocrx_word' id='word_1_99' title='bbox 989 1260 1192 1299; x_wconf 88' lang='lat' dir='ltr'><strong>inutiliter</strong></span> <span class='ocrx_word' id='word_1_100' title='bbox 1224 1263 1467 1312; x_wconf 83' lang='lat' dir='ltr'><strong>pervenerat</strong></span> <span class='ocrx_word' id='word_1_101' title='bbox 1492 1259 1626 1299; x_wconf 86' lang='lat' dir='ltr'><strong>inten-</strong></span> 
     </span>
     <span class='ocr_line' id='line_1_15' title="bbox 280 1324 1626 1378; baseline 0 -14"><span class='ocrx_word' id='word_1_102' title='bbox 280 1325 403 1374; x_wconf 87' lang='lat' dir='ltr'><strong>tione,</strong></span> <span class='ocrx_word' id='word_1_103' title='bbox 443 1338 697 1378; x_wconf 72' lang='lat' dir='ltr'><strong>praepropere</strong></span> <span class='ocrx_word' id='word_1_104' title='bbox 745 1324 976 1365; x_wconf 91' lang='lat' dir='ltr'><strong>rediturus!</strong></span> <span class='ocrx_word' id='word_1_105' title='bbox 1034 1325 1069 1364; x_wconf 91' lang='lat' dir='ltr'>O</span> <span class='ocrx_word' id='word_1_106' title='bbox 1116 1338 1238 1377; x_wconf 89' lang='lat' dir='ltr'><strong>quam</strong></span> <span class='ocrx_word' id='word_1_107' title='bbox 1285 1325 1446 1378; x_wconf 87' lang='lat' dir='ltr'><strong>egregie</strong></span> <span class='ocrx_word' id='word_1_108' title='bbox 1483 1330 1626 1364; x_wconf 90' lang='lat' dir='ltr'><strong>votum</strong></span> 
     </span>
     <span class='ocr_line' id='line_1_16' title="bbox 281 1387 1628 1438; baseline -0.001 -9"><span class='ocrx_word' id='word_1_109' title='bbox 281 1390 525 1438; x_wconf 88' lang='lat' dir='ltr'><strong>absolutum,</strong></span> <span class='ocrx_word' id='word_1_110' title='bbox 547 1394 697 1429; x_wconf 88' lang='lat' dir='ltr'><strong>terram</strong></span> <span class='ocrx_word' id='word_1_111' title='bbox 719 1388 872 1428; x_wconf 90' lang='lat' dir='ltr'><strong>scilicet</strong></span> <span class='ocrx_word' id='word_1_112' title='bbox 891 1394 1052 1428; x_wconf 89' lang='lat' dir='ltr'><strong>tantum</strong></span> <span class='ocrx_word' id='word_1_113' title='bbox 1067 1389 1255 1437; x_wconf 82' lang='lat' dir='ltr'><strong>intrasse,</strong></span> <span class='ocrx_word' id='word_1_114' title='bbox 1271 1394 1314 1428; x_wconf 93' lang='lat' dir='ltr'><strong>et</strong></span> <span class='ocrx_word' id='word_1_115' title='bbox 1333 1394 1418 1428; x_wconf 84' lang='lat' dir='ltr'><strong>tam</strong></span> <span class='ocrx_word' id='word_1_116' title='bbox 1436 1387 1628 1428; x_wconf 86' lang='lat' dir='ltr'><strong>brevibus</strong></span> 
     </span>
     <span class='ocr_line' id='line_1_17' title="bbox 280 1453 1627 1507; baseline 0 -13"><span class='ocrx_word' id='word_1_117' title='bbox 280 1456 323 1494; x_wconf 91' lang='lat' dir='ltr'><strong>in</strong></span> <span class='ocrx_word' id='word_1_118' title='bbox 343 1455 495 1494; x_wconf 88' lang='lat' dir='ltr'><strong>Turcos</strong></span> <span class='ocrx_word' id='word_1_119' title='bbox 514 1455 740 1494; x_wconf 84' lang='lat' dir='ltr'><strong>decertasse</strong></span> <span class='ocrx_word' id='word_1_120' title='bbox 762 1455 980 1506; x_wconf 90' lang='lat' dir='ltr'><strong>triumphis</strong></span> <span class='ocrx_word' id='word_1_121' title='bbox 996 1455 1004 1494; x_wconf 76' lang='lat'>1</span> <span class='ocrx_word' id='word_1_122' title='bbox 1062 1454 1142 1494; x_wconf 87' lang='lat' dir='ltr'><strong>Sed</strong></span> <span class='ocrx_word' id='word_1_123' title='bbox 1158 1454 1286 1507; x_wconf 60' lang='lat' dir='ltr'><strong>quid?</strong></span> <span class='ocrx_word' id='word_1_124' title='bbox 1340 1454 1430 1494; x_wconf 84' lang='lat' dir='ltr'><strong>Rex</strong></span> <span class='ocrx_word' id='word_1_125' title='bbox 1447 1453 1627 1494; x_wconf 79' lang='lat' dir='ltr'><strong>Franciae</strong></span> 
     </span>
     <span class='ocr_line' id='line_1_18' title="bbox 280 1518 1626 1572; baseline -0.001 -14"><span class='ocrx_word' id='word_1_126' title='bbox 280 1519 468 1559; x_wconf 90' lang='lat' dir='ltr'><strong>morbum</strong></span> <span class='ocrx_word' id='word_1_127' title='bbox 496 1519 690 1572; x_wconf 86' lang='lat' dir='ltr'><strong>allegavit</strong></span> <span class='ocrx_word' id='word_1_128' title='bbox 718 1533 799 1558; x_wconf 70' lang='lat' dir='ltr'><strong>suae</strong></span> <span class='ocrx_word' id='word_1_129' title='bbox 828 1533 988 1558; x_wconf 84' lang='lat' dir='ltr'><strong>causam</strong></span> <span class='ocrx_word' id='word_1_130' title='bbox 1017 1532 1103 1559; x_wconf 85' lang='lat' dir='ltr'><strong>esse</strong></span> <span class='ocrx_word' id='word_1_131' title='bbox 1133 1519 1483 1572; x_wconf 87' lang='lat' dir='ltr'><strong>peregrinationis,</strong></span> <span class='ocrx_word' id='word_1_132' title='bbox 1513 1521 1557 1558; x_wconf 87' lang='lat' dir='ltr'><strong>et</strong></span> <span class='ocrx_word' id='word_1_133' title='bbox 1583 1518 1626 1558; x_wconf 88' lang='lat' dir='ltr'><strong>in</strong></span> 
     </span>
     <span class='ocr_line' id='line_1_19' title="bbox 281 1583 1626 1637; baseline 0 -13"><span class='ocrx_word' id='word_1_134' title='bbox 281 1590 480 1637; x_wconf 86' lang='lat' dir='ltr'><strong>quantum</strong></span> <span class='ocrx_word' id='word_1_135' title='bbox 513 1584 699 1633; x_wconf 89' lang='lat' dir='ltr'><strong>dabatur,</strong></span> <span class='ocrx_word' id='word_1_136' title='bbox 731 1585 815 1636; x_wconf 85' lang='lat' dir='ltr'><strong>jam</strong></span> <span class='ocrx_word' id='word_1_137' title='bbox 845 1591 988 1624; x_wconf 88' lang='lat' dir='ltr'><strong>votum</strong></span> <span class='ocrx_word' id='word_1_138' title='bbox 1025 1585 1277 1637; x_wconf 89' lang='lat' dir='ltr'><strong>persolutum</strong></span> <span class='ocrx_word' id='word_1_139' title='bbox 1289 1600 1301 1634; x_wconf 86' lang='lat'>;</span> <span class='ocrx_word' id='word_1_140' title='bbox 1343 1584 1413 1624; x_wconf 91' lang='lat' dir='ltr'><strong>sed</strong></span> <span class='ocrx_word' id='word_1_141' title='bbox 1451 1583 1626 1624; x_wconf 83' lang='lat' dir='ltr'><strong>maxime</strong></span> 
     </span>
     <span class='ocr_line' id='line_1_20' title="bbox 282 1650 1626 1702; baseline -0.001 -13"><span class='ocrx_word' id='word_1_142' title='bbox 282 1650 377 1701; x_wconf 88' lang='lat' dir='ltr'><strong>quia</strong></span> <span class='ocrx_word' id='word_1_143' title='bbox 405 1663 526 1689; x_wconf 88' lang='lat' dir='ltr'><strong>sanus</strong></span> <span class='ocrx_word' id='word_1_144' title='bbox 555 1654 598 1689; x_wconf 91' lang='lat' dir='ltr'><strong>et</strong></span> <span class='ocrx_word' id='word_1_145' title='bbox 625 1650 837 1689; x_wconf 86' lang='lat' dir='ltr'><strong>incolumis</strong></span> <span class='ocrx_word' id='word_1_146' title='bbox 865 1650 1040 1696; x_wconf 84' lang='lat' dir='ltr'><strong>exstitit,</strong></span> <span class='ocrx_word' id='word_1_147' title='bbox 1062 1650 1225 1702; x_wconf 92' lang='lat' dir='ltr'><strong>quando</strong></span> <span class='ocrx_word' id='word_1_148' title='bbox 1244 1663 1403 1690; x_wconf 87' lang='lat' dir='ltr'><strong>crucem</strong></span> <span class='ocrx_word' id='word_1_149' title='bbox 1421 1663 1514 1689; x_wconf 87' lang='lat' dir='ltr'><strong>eum</strong></span> <span class='ocrx_word' id='word_1_150' title='bbox 1531 1661 1626 1701; x_wconf 88' lang='lat' dir='ltr'><strong>rege</strong></span> 
     </span>
     <span class='ocr_line' id='line_1_21' title="bbox 284 1714 1627 1768; baseline -0.001 -14"><span class='ocrx_word' id='word_1_151' title='bbox 284 1715 462 1755; x_wconf 89' lang='lat' dir='ltr'><strong>Henrico</strong></span> <span class='ocrx_word' id='word_1_152' title='bbox 499 1716 607 1755; x_wconf 91' lang='lat' dir='ltr'><strong>inter</strong></span> <span class='ocrx_word' id='word_1_153' title='bbox 645 1715 782 1754; x_wconf 87' lang='lat' dir='ltr'><strong>Triam</strong></span> <span class='ocrx_word' id='word_1_154' title='bbox 820 1721 862 1756; x_wconf 90' lang='lat' dir='ltr'><strong>et</strong></span> <span class='ocrx_word' id='word_1_155' title='bbox 910 1715 1136 1755; x_wconf 83' lang='lat' dir='ltr'><strong>Gisortium</strong></span> <span class='ocrx_word' id='word_1_156' title='bbox 1181 1716 1367 1768; x_wconf 85' lang='lat' dir='ltr'><strong>suscepit,</strong></span> <span class='ocrx_word' id='word_1_157' title='bbox 1407 1714 1501 1754; x_wconf 85' lang='lat' dir='ltr'><strong>huie</strong></span> <span class='ocrx_word' id='word_1_158' title='bbox 1537 1715 1627 1766; x_wconf 74' lang='lat' dir='ltr'><strong>eius</strong></span> 
     </span>
     <span class='ocr_line' id='line_1_22' title="bbox 281 1780 1503 1834; baseline 0.001 -14"><span class='ocrx_word' id='word_1_159' title='bbox 281 1781 494 1821; x_wconf 79' lang='lat' dir='ltr'><strong>assertioni</strong></span> <span class='ocrx_word' id='word_1_160' title='bbox 515 1794 596 1820; x_wconf 90' lang='lat' dir='ltr'><strong>non</strong></span> <span class='ocrx_word' id='word_1_161' title='bbox 611 1781 847 1833; x_wconf 85' lang='lat' dir='ltr'><strong>comparuit,</strong></span> <span class='ocrx_word' id='word_1_162' title='bbox 869 1781 939 1832; x_wconf 89' lang='lat' dir='ltr'><strong>qui</strong></span> <span class='ocrx_word' id='word_1_163' title='bbox 960 1781 1239 1821; x_wconf 87' lang='lat' dir='ltr'><strong>testimonium</strong></span> <span class='ocrx_word' id='word_1_164' title='bbox 1259 1780 1503 1834; x_wconf 88' lang='lat' dir='ltr'><strong>perhiberet.</strong></span> 
     </span>
    </p>
   </div>
   <div class='ocr_carea' id='block_1_4' title="bbox 425 1968 1498 2036">
    <p class='ocr_par' dir='ltr' id='par_1_4' title="bbox 425 1968 1498 2036">
     <span class='ocr_line' id='line_1_23' title="bbox 425 1968 1498 2036; baseline 0 -18"><span class='ocrx_word' id='word_1_165' title='bbox 425 1970 618 2033; x_wconf 74' lang='lat' dir='ltr'><strong>Treaty</strong></span> <span class='ocrx_word' id='word_1_166' title='bbox 653 1969 868 2019; x_wconf 78' lang='lat' dir='ltr'><strong>between</strong></span> <span class='ocrx_word' id='word_1_167' title='bbox 904 1969 1135 2019; x_wconf 59' lang='lat' dir='ltr'><strong>Bia-hard</strong></span> <span class='ocrx_word' id='word_1_168' title='bbox 1168 1970 1276 2019; x_wconf 77' lang='lat' dir='ltr'><strong>and</strong></span> <span class='ocrx_word' id='word_1_169' title='bbox 1308 1968 1498 2036; x_wconf 77' lang='lat' dir='ltr'><strong>Philip.</strong></span> 
     </span>
    </p>
   </div>
   <div class='ocr_carea' id='block_1_5' title="bbox 283 2074 1627 2452">
    <p class='ocr_par' dir='ltr' id='par_1_5' title="bbox 283 2074 1627 2452">
     <span class='ocr_line' id='line_1_24' title="bbox 283 2074 1625 2116; baseline 0.002 -4"><span class='ocrx_word' id='word_1_170' title='bbox 283 2074 440 2113; x_wconf 79' lang='lat' dir='ltr'><strong>REGEM</strong></span> <span class='ocrx_word' id='word_1_171' title='bbox 472 2074 652 2114; x_wconf 84' lang='lat' dir='ltr'><strong>Franciae</strong></span> <span class='ocrx_word' id='word_1_172' title='bbox 685 2089 758 2114; x_wconf 84' lang='lat' dir='ltr'><strong>rex</strong></span> <span class='ocrx_word' id='word_1_173' title='bbox 790 2075 987 2115; x_wconf 86' lang='lat' dir='ltr'><strong>Ricardus</strong></span> <span class='ocrx_word' id='word_1_174' title='bbox 1017 2075 1176 2115; x_wconf 84' lang='lat' dir='ltr'><strong>censuit</strong></span> <span class='ocrx_word' id='word_1_175' title='bbox 1213 2074 1536 2115; x_wconf 89' lang='lat' dir='ltr'><strong>conveniendum</strong></span> <span class='ocrx_word' id='word_1_176' title='bbox 1573 2074 1625 2116; x_wconf 85' lang='lat' dir='ltr'><strong>de</strong></span> 
     </span>
     <span class='ocr_line' id='line_1_25' title="bbox 283 2140 1623 2192; baseline 0.001 -14"><span class='ocrx_word' id='word_1_177' title='bbox 283 2144 427 2178; x_wconf 89' lang='lat' dir='ltr'><strong>mutua</strong></span> <span class='ocrx_word' id='word_1_178' title='bbox 463 2140 738 2180; x_wconf 87' lang='lat' dir='ltr'><strong>conservanda</strong></span> <span class='ocrx_word' id='word_1_179' title='bbox 784 2140 981 2180; x_wconf 90' lang='lat' dir='ltr'><strong>fidelitate</strong></span> <span class='ocrx_word' id='word_1_180' title='bbox 1022 2141 1264 2180; x_wconf 75' lang='lat' dir='ltr'><strong>securitatis·</strong></span> <span class='ocrx_word' id='word_1_181' title='bbox 1339 2140 1423 2192; x_wconf 85' lang='lat' dir='ltr'><strong>Ipsi</strong></span> <span class='ocrx_word' id='word_1_182' title='bbox 1460 2141 1623 2190; x_wconf 88' lang='lat' dir='ltr'><strong>etenim,</strong></span> 
     </span>
     <span class='ocr_line' id='line_1_26' title="bbox 581 2205 1625 2258; baseline 0.001 -14"><span class='ocrx_word' id='word_1_183' title='bbox 581 2205 685 2244; x_wconf 82' lang='lat' dir='ltr'><strong>sicut</strong></span> <span class='ocrx_word' id='word_1_184' title='bbox 715 2211 757 2244; x_wconf 91' lang='lat' dir='ltr'><strong>et</strong></span> <span class='ocrx_word' id='word_1_185' title='bbox 786 2210 921 2258; x_wconf 86' lang='lat' dir='ltr'><strong>patres</strong></span> <span class='ocrx_word' id='word_1_186' title='bbox 950 2219 1103 2252; x_wconf 88' lang='lat' dir='ltr'><strong>eorum,</strong></span> <span class='ocrx_word' id='word_1_187' title='bbox 1136 2219 1221 2245; x_wconf 88' lang='lat' dir='ltr'><strong>sese</strong></span> <span class='ocrx_word' id='word_1_188' title='bbox 1250 2210 1391 2245; x_wconf 92' lang='lat' dir='ltr'><strong>tenera</strong></span> <span class='ocrx_word' id='word_1_189' title='bbox 1418 2205 1625 2246; x_wconf 84' lang='lat' dir='ltr'><strong>simultate</strong></span> 
     </span>
     <span class='ocr_line' id='line_1_27' title="bbox 296 2250 1625 2335; baseline 0.001 -26"><span class='ocrx_word' id='word_1_190' title='bbox 296 2250 536 2335; x_wconf 55' lang='lat' dir='ltr'><strong>R.S.1,11?.L238.</strong></span> <span class='ocrx_word' id='word_1_191' title='bbox 580 2271 880 2319; x_wconf 85' lang='lat' dir='ltr'><strong>reverebantur,</strong></span> <span class='ocrx_word' id='word_1_192' title='bbox 903 2277 945 2311; x_wconf 93' lang='lat' dir='ltr'><strong>et</strong></span> <span class='ocrx_word' id='word_1_193' title='bbox 972 2271 1140 2323; x_wconf 88' lang='lat' dir='ltr'><strong>palliata</strong></span> <span class='ocrx_word' id='word_1_194' title='bbox 1167 2271 1347 2320; x_wconf 87' lang='lat' dir='ltr'><strong>caritate,</strong></span> <span class='ocrx_word' id='word_1_195' title='bbox 1369 2284 1459 2323; x_wconf 75' lang='lat' dir='ltr'><strong>quse</strong></span> <span class='ocrx_word' id='word_1_196' title='bbox 1484 2284 1557 2311; x_wconf 85' lang='lat' dir='ltr'><strong>nee</strong></span> <span class='ocrx_word' id='word_1_197' title='bbox 1582 2271 1625 2310; x_wconf 90' lang='lat' dir='ltr'><strong>in</strong></span> 
     </span>
     <span class='ocr_line' id='line_1_28' title="bbox 580 2336 1627 2388; baseline 0.001 -13"><span class='ocrx_word' id='word_1_198' title='bbox 580 2337 753 2388; x_wconf 84' lang='lat' dir='ltr'><strong>posteris</strong></span> <span class='ocrx_word' id='word_1_199' title='bbox 810 2350 989 2388; x_wconf 86' lang='lat' dir='ltr'><strong>unquam</strong></span> <span class='ocrx_word' id='word_1_200' title='bbox 1053 2336 1235 2376; x_wconf 87' lang='lat' dir='ltr'><strong>creditur</strong></span> <span class='ocrx_word' id='word_1_201' title='bbox 1289 2336 1397 2376; x_wconf 85' lang='lat' dir='ltr'><strong>foras</strong></span> <span class='ocrx_word' id='word_1_202' title='bbox 1454 2336 1627 2376; x_wconf 81' lang='lat' dir='ltr'><strong>missura</strong></span> 
     </span>
     <span class='ocr_line' id='line_1_29' title="bbox 283 2399 1626 2452; baseline 0.002 -15"><span class='ocrx_word' id='word_1_203' title='bbox 283 2399 480 2438; x_wconf 83' lang='lat' dir='ltr'><strong>timorem.</strong></span> <span class='ocrx_word' id='word_1_204' title='bbox 541 2399 677 2452; x_wconf 83' lang='lat' dir='ltr'><strong>Hujus</strong></span> <span class='ocrx_word' id='word_1_205' title='bbox 714 2401 852 2452; x_wconf 87' lang='lat' dir='ltr'><strong>itaque</strong></span> <span class='ocrx_word' id='word_1_206' title='bbox 884 2401 1133 2441; x_wconf 77' lang='lat' dir='ltr'><strong>titillationis</strong></span> <span class='ocrx_word' id='word_1_207' title='bbox 1163 2401 1294 2442; x_wconf 86' lang='lat' dir='ltr'><strong>urtica</strong></span> <span class='ocrx_word' id='word_1_208' title='bbox 1323 2414 1396 2441; x_wconf 83' lang='lat' dir='ltr'><strong>rex</strong></span> <span class='ocrx_word' id='word_1_209' title='bbox 1429 2400 1626 2442; x_wconf 81' lang='lat' dir='ltr'><strong>Ricardus</strong></span> 
     </span>
    </p>
   </div>
  </div>
 </body>
</html>
