1708 2684
406 276 795 318 ITINERARIUM
824 276 990 317 REGIS
1018 275 1255 316 RICARDI
1456 277 1506 315 19

153 399 290 453 gravis
313 398 383 439 illa
406 404 449 439 et
470 398 594 453 longa
618 399 742 452 coepit
768 398 939 447 obsidio,
960 411 1051 451 quae
1080 403 1122 438 et
1149 411 1222 450 per
1249 397 1352 437 duos
1379 410 1509 437 annos

153 468 361 517 protracta
379 469 422 504 ct
440 463 600 505 duobus
619 464 736 504 annis
762 464 814 504 ab
840 464 940 505 urbe
967 469 1086 517 capta
1110 463 1266 516 elapsis,
1288 463 1509 502 animosius

154 529 355 570 inchoata.

211 595 412 636 Soldanus
436 609 484 636 eo
510 600 694 649 tempore
719 601 899 637 castrum
924 595 1034 649 quod
1060 595 1336 637 Beaufordum
1355 594 1510 644 dicunt,

154 661 364 702 obsidione
401 662 602 716 cingebat,
638 663 708 715 qui
746 662 810 702 his
849 675 938 715 quae
975 667 1177 715 geruntur
1214 661 1380 702 auditus
1417 675 1510 702 cum

155 727 337 768 exercitu
354 727 532 781 plurimo
550 728 696 769 Achon
714 728 888 769 festinus
907 727 1087 768 accedit:
1117 728 1181 768 cui
1205 728 1283 781 ipsi
1302 727 1374 780 qui
1393 733 1511 768 erant

155 793 308 834 obsessi
339 794 384 834 in
413 794 556 834 Achon
587 794 883 835 mandaverant
916 793 1028 847 quod
1057 807 1152 847 pars
1184 794 1344 835 modica
1373 793 1510 835 Chris-

155 860 363 900 tianorum
388 859 679 913 applicuerant,
710 874 814 913 quos
832 860 875 900 in
894 865 1102 901 momento
1122 861 1284 902 veniret
1301 866 1512 901 conterere

156 931 200 967 et
217 925 454 967 memoriam
473 939 615 966 eorum
633 925 684 966 de
704 931 815 966 terra
833 925 983 967 delere.

210 991 355 1032 Nostri
384 991 550 1045 quidem
580 992 623 1032 in
655 996 769 1032 arcto
802 992 925 1045 positi
957 1005 1065 1032 nunc
1098 1005 1151 1033 ex
1183 997 1300 1046 parte
1331 992 1513 1033 civitatis

157 1064 460 1112 oppugnantur,
477 1071 585 1098 nunc
599 1072 623 1098 a
641 1063 758 1111 parte
777 1058 972 1099 exteriori
991 1058 1043 1098 ab
1063 1059 1245 1099 exercitu
1265 1059 1513 1108 Salahadini‚

157 1124 214 1164 sic
232 1124 416 1178 perplexi
442 1138 516 1165 nec
538 1138 651 1165 arma
676 1124 880 1177 deponere
904 1138 978 1165 nec
1005 1124 1130 1165 etiam
1153 1125 1283 1165 securi
1306 1125 1515 1166 audebant

157 1190 379 1231 comedere.

329 1340 381 1389 A
388 1358 424 1389 η
468 1340 823 1405 Unsuccesssul
854 1340 1054 1390 Attaclc
1089 1359 1155 1390 on
1190 1341 1346 1392 Aere.

158 1452 340 1492 DIVINAE
367 1451 541 1501 demum,
560 1452 727 1505 pietatis
755 1458 954 1506 respectu,
985 1453 1149 1505 rejectis
1177 1458 1221 1493 et
1248 1453 1420 1506 repulsis
1449 1453 1516 1494 ad-

158 1517 357 1566 versariis,
394 1518 596 1570 principes
625 1519 756 1558 nostri
784 1518 837 1558 ad
862 1519 1069 1559 machinas
1099 1519 1246 1571 quibus
1275 1520 1419 1560 civitas
1448 1533 1516 1572 op-

249 1615 344 1647 1190.
430 1589 647 1637 pugnetur,
664 1597 829 1636 operam
843 1597 1098 1624 communem
1117 1584 1373 1637 impendunt.
1415 1585 1515 1626 Tres

247 1658 345 1695 Rs.
429 1650 568 1702 itaque
597 1654 731 1689 turres
767 1649 1057 1691 ambulatorias
1089 1649 1140 1690 de
1171 1650 1297 1703 sylvae
1336 1651 1514 1692 siccioris

210 1712 268 1746 ΡΡ·
288 1702 379 1734 84-5.
430 1715 602 1756 materia
647 1719 901 1764 construunt,
951 1729 1123 1768 quarum
1169 1716 1301 1769 prima
1356 1716 1513 1757 Laude-

158 1795 342 1834 gravum,
381 1781 559 1822 secunda
596 1781 846 1828 Genuenses‚
885 1782 1009 1822 tertia
1051 1782 1275 1822 exercitum
1312 1782 1516 1835 reliquum

159 1847 329 1889 sortitor
347 1853 567 1891 auctorem.
626 1847 814 1888 Certanti
840 1847 978 1888 studio
996 1848 1123 1888 moles
1143 1848 1231 1888 istae
1251 1854 1514 1903 consurgunt,

160 1927 262 1967 quas
299 1927 350 1954 ex
388 1914 572 1954 trabibus
611 1919 653 1954 et
685 1913 880 1953 tabulatis
917 1914 961 1953 in
998 1914 1128 1954 altum
1167 1913 1345 1963 eductas,
1380 1914 1518 1968 lapsus

161 1979 350 2020 volubilis
387 1980 544 2029 incitat,
584 1986 626 2020 et
663 1979 840 2032 quadam
876 1985 965 2020 arte
1002 1981 1235 2021 mechanica
1271 1980 1430 2021 facilem
1464 1981 1517 2022 ad

160 2051 318 2086 motum
345 2046 526 2087 inclinat.
591 2046 778 2086 Artifices
808 2059 905 2086 vero
934 2046 1006 2086 has
1034 2046 1240 2086 machinas
1268 2060 1319 2087 ne
1348 2052 1519 2100 pereant

159 2111 360 2160 incendio,
399 2112 640 2153 centonibus
679 2116 722 2152 et
759 2111 878 2152 coriis
917 2112 1052 2152 crudis
1094 2112 1335 2161 obvolvunt,
1381 2117 1424 2153 et
1470 2118 1519 2153 ut

162 2177 431 2230 petrariarum
493 2178 670 2230 impetus
726 2177 898 2217 materia
953 2177 1129 2217 molliori
1185 2183 1378 2230 exceptus
1435 2191 1518 2218 non

163 2248 316 2292 noceat,
356 2243 590 2283 reticulatos
634 2243 752 2282 funes
798 2256 824 2282 a
870 2243 1006 2283 fronte
1053 2243 1318 2296 protendunt.
1390 2243 1518 2283 Porro

163 2309 393 2349 eminentiae
420 2309 606 2358 turrium,
637 2322 760 2361 supra
786 2322 995 2348 murorum
1023 2309 1188 2363 fastigia
1218 2314 1261 2349 ct
1286 2309 1398 2349 urbis
1426 2323 1519 2362 pro—

164 2374 391 2427 pugnacula
423 2374 627 2425 sublimes,
663 2374 893 2414 balistarios
931 2379 974 2415 et
1011 2375 1243 2427 sagittarios
1281 2375 1522 2424 continent;

164 2445 207 2478 at
227 2440 380 2480 medias
407 2440 604 2481 stationes
630 2445 840 2491 occupant,
865 2439 935 2492 qui
961 2440 1129 2480 sudibus
1159 2444 1202 2479 et
1229 2441 1360 2480 contis
1388 2440 1521 2480 decer-
