1708 2684
294 166 1642 188 Ἣ

295 216 346 254 56
547 215 934 258 ITINERARIUM
962 217 1127 259 REGIS
1155 219 1393 260 RICARDI

291 335 453 376 diruere
482 341 524 377 et
550 336 748 390 dissipare
776 342 955 378 castrum
983 339 1153 388 Damm,
1175 345 1220 381 et
1246 346 1294 381 ut
1321 341 1522 395 impositis
1549 355 1636 383 cus·

292 401 457 441 todibus
485 403 713 443 firmissime
741 404 949 444 munirent
977 405 1232 446 Ascalonem.
1289 406 1418 461 Regia
1437 403 1639 462 prae‘cepta

290 467 392 519 jussi
411 467 646 516 accelerant,
669 475 711 508 et
729 472 862 509 castro
881 469 1038 510 Darum
1066 476 1226 523 aequato
1254 471 1352 521 solo,
1373 478 1638 514 revertuntur

291 532 345 572 ad
370 533 605 574 exercitum.
662 533 877 575 Exercitus
906 535 1034 589 igitur
1062 536 1293 590 regreditur
1320 551 1447 591 usque
1474 537 1638 592 Joppen

291 599 408 652 gravi
427 599 547 639 corde
567 604 609 640 et
627 600 869 641 conturbato
883 616 895 650 3
922 600 1018 642 inde
1046 614 1206 654 quoque
1229 603 1316 643 sine
1334 616 1448 644 mora
1465 604 1637 658 profecti

292 671 389 704 sunt
418 664 656 715 Achonem;
684 678 758 705 rex
795 679 956 718 quoque
988 680 1080 707 cum
1117 668 1284 708 caeteris.
1341 668 1480 720 Porro,
1515 683 1638 722 quam

291 730 456 782 plurimi
493 730 728 771 resederant
764 731 807 770 in
839 731 1002 784 Joppen
1039 732 1259 773 incolumes
1289 738 1331 774 et
1365 734 1527 775 infirmi.
1582 735 1638 776 Et

291 797 348 837 sic
366 796 577 837 Achonem
596 811 781 838 reversus
808 803 871 838 est
896 799 1109 847 exercitus,
1131 799 1391 840 ineffabiliter
1417 800 1636 848 desolatus,

290 867 333 904 et
369 863 628 903 adversitatis
666 863 939 903 immensitate
977 869 1270 913 consternatus,
1309 879 1411 918 quos
1443 866 1636 907 nimirum

288 928 422 968 adhuc
459 941 532 981 pro
570 927 725 968 meritis
763 928 845 968 suis
882 927 994 968 Deus
1031 929 1164 968 minus
1202 929 1348 983 dignos
1384 931 1637 984 reputaverit

288 993 514 1047 benigniori
534 994 667 1047 gratia
685 993 839 1034 donari.

720 1139 871 1204 Siege
907 1138 964 1201 of
999 1139 1050 1187 J
1046 1155 1194 1204 oppa.

289 1239 485 1279 INTEREA
515 1238 614 1279 dum
645 1252 718 1279 rex
750 1238 949 1278 Ricardus
982 1238 1034 1278 ad
1067 1239 1372 1292 repatriandum
1405 1241 1636 1294 expeditius

288 1305 467 1345 reditum
485 1304 727 1345 acceleraret
740 1304 791 1344 ab
808 1303 986 1352 Achone,
1003 1305 1087 1357 jam
1102 1318 1144 1344 se
1160 1305 1331 1345 navibus
1350 1307 1635 1348 commissurus

371 1395 466 1426 1192.
558 1370 716 1424 plenius
741 1370 960 1419 instructis,
982 1370 1025 1410 in
1053 1371 1230 1411 tentorio
1259 1385 1331 1412 suo
1359 1386 1451 1413 cum
1478 1373 1562 1414 suis
1584 1373 1636 1414 de

374 1438 467 1474 RS..
557 1436 694 1476 reditu
746 1435 994 1476 conficiendo
1039 1436 1253 1485 conferret,
1302 1438 1418 1490 quasi
1462 1438 1547 1490 jam
1592 1438 1636 1480 in

324 1493 381 1526 pp.
399 1483 512 1516 403-4.
556 1502 731 1542 crastino
750 1514 1004 1549 recessurus;
1033 1505 1145 1542 ecce!
1174 1507 1451 1554 apparuerunt
1468 1516 1634 1556 proper-

286 1576 403 1611 anter
430 1569 679 1623 applicantes
707 1567 819 1606 missi
846 1566 984 1606 nuncii
1012 1566 1266 1607 obsessorum
1284 1567 1328 1607 iu
1346 1567 1533 1621 Joppen;
1561 1569 1634 1622 qui

286 1651 379 1678 cum
409 1649 543 1676 coram
573 1646 711 1687 regem
749 1632 880 1672 scissis
911 1631 1093 1671 vestibus
1129 1632 1368 1681 astitissent,
1399 1633 1634 1674 indicabant

286 1703 315 1742 J
317 1715 448 1755 oppen
486 1714 510 1740 a
540 1698 749 1739 Saracenis
782 1702 1017 1750 occupatam
1056 1711 1147 1737 cum
1178 1697 1364 1738 omnibus
1394 1711 1484 1750 quae
1514 1698 1559 1738 in
1587 1711 1635 1739 ea.

288 1772 417 1813 erant,
430 1770 594 1820 gentem
608 1776 768 1816 quoque
781 1776 870 1815 quae
883 1767 1092 1815 supererat
1107 1762 1150 1801 in
1163 1763 1267 1802 turri
1282 1763 1404 1803 castri
1416 1763 1629 1814 obsessam,

287 1838 330 1874 et
348 1833 425 1873 nisi
444 1845 517 1884 per
535 1831 678 1883 ipsum,
701 1829 744 1868 in
764 1842 844 1880 quo
870 1828 955 1868 solo
980 1841 1088 1868 mors
1111 1833 1348 1868 cunctorum
1367 1829 1572 1881 pendebat
1590 1834 1633 1870 et

287 1900 405 1947 salus,
423 1896 622 1937 maturius
642 1894 814 1935 obsessis
842 1894 1077 1946 proveniret
1098 1893 1308 1942 auxilium,
1332 1907 1413 1933 una
1436 1894 1488 1934 de
1507 1895 1632 1934 omni-
1689 1949 1693 1952 ὓ

285 1967 362 2006 bus
377 1966 605 2016 superesset
619 1960 822 2000 sententia
836 1959 1102 2012 proculdubio
1113 1959 1323 2012 pereundi,
1337 1960 1458 2011 juxta
1471 1965 1630 2012 pactam

287 2034 551 2071 memoratam
584 2026 869 2067 conditionem.
928 2025 1111 2065 Audiens
1148 2039 1221 2065 rex
1259 2025 1512 2065 obsessorum
1549 2024 1631 2066 dis-

287 2098 439 2137 crimen
467 2093 738 2148 pereuntium,
768 2091 982 2131 miseratus
1015 2090 1299 2143 perditionem,
1329 2091 1452 2130 verba
1489 2092 1629 2131 nunci-

287 2176 413 2210 orum,
454 2173 615 2201 causam
652 2158 784 2197 adhuc
821 2156 1161 2209 prosequentium,
1210 2155 1419 2208 intercipit
1463 2156 1629 2198 dicens:

288 2228 436 2269 “Vivit
447 2225 657 2272 Dominus,
670 2223 757 2263 Deo
769 2222 871 2263 duce
885 2223 1112 2275 proficiscar
1124 2222 1305 2262 facturus
1318 2222 1427 2274 quod
1439 2227 1581 2274 potero
1595 2221 1630 2272 ;’'

286 2300 329 2335 et
356 2292 569 2334 confestim
597 2289 796 2329 clamante
824 2301 1005 2340 praecone
1033 2287 1270 2340 divulgatur
1298 2286 1488 2336 edictum,
1509 2293 1558 2327 ut
1575 2287 1629 2328 ad

285 2358 513 2400 iterandam
532 2354 832 2407 expeditionem
853 2353 1054 2393 exercitus
1074 2353 1287 2392 excitetur.
