1708 2684
395 210 782 270 ITINERARIUM
811 227 978 268 REGIS
1007 226 1244 268 RICARDI
1443 229 1494 267 53

143 353 418 407 implorabant
427 350 749 393 misericordiam
768 356 811 392 et
825 350 1118 399 miserationes,
1132 355 1278 391 caetera
1297 349 1494 403 quodam-

143 419 266 460 modo
302 418 410 459 levia
437 421 687 471 reputantes,
722 416 946 457 dummodo
977 416 1072 456 vitae
1102 421 1348 469 parceretur.
1417 416 1497 457 Per

143 485 321 539 capistra
341 484 500 539 jugales
528 497 653 537 equos
681 488 725 524 et
752 483 926 524 camelos
954 496 1046 523 cum
1072 483 1239 523 sarcinis
1259 482 1495 532 offerebant,

143 557 185 593 et
203 551 336 592 mulos
350 556 393 592 et
405 550 536 590 mulas
548 555 761 603 portantes
776 549 928 589 diversi
940 549 1100 603 generis
1113 549 1265 601 species
1281 549 1493 601 pretiosas,

145 631 291 659 aurum
320 622 364 658 et
392 620 612 670 argentum
637 615 815 655 multum
841 615 976 662 nimis,
996 615 1121 668 pallia
1145 614 1379 664 holoserica,
1400 628 1496 667 pur-

144 696 300 737 puram,
335 681 532 736 cyclades,
569 686 611 721 et
637 686 804 730 ostrum,
839 685 882 720 et
913 679 1229 720 multiformium
1259 684 1499 719 ornamenta

145 749 348 796 vestium;
397 753 594 800 praeterea
640 761 753 787 arma
791 746 913 795 varia,
959 745 1043 786 tela
1084 745 1302 798 multiplici
1340 745 1499 785 insutas

145 814 302 861 loricas,
323 813 448 868 vulgo
467 813 597 854 dictas
614 812 842 867 Casigans,*
862 811 1032 852 culcitra
1046 826 1121 852 acu
1141 812 1298 852 variata
1317 824 1497 864 operosa,

146 880 371 935 papiliones
398 889 442 920 et
474 879 654 920 tentoria
685 879 988 932 pretiosissima,
1016 891 1141 931 panes
1169 878 1380 925 biscoctos,
1412 878 1497 917 fru—

146 951 345 994 mentum,
393 945 593 986 hordeum
640 950 683 985 et
733 945 919 991 farinam,
967 944 1186 985 electuaria
1235 944 1411 997 plurima
1457 948 1500 984 et

147 1012 393 1062 medicinas3
421 1011 572 1065 pelves,
603 1017 725 1060 utrea
758 1016 801 1052 et
829 1011 1052 1060 scaccaria;
1081 1010 1181 1051 ollas
1212 1015 1425 1062 argenteas
1457 1013 1500 1050 et

146 1078 401 1126 candelabra,
421 1078 549 1131 piper,
581 1077 801 1131 cynimum‚
833 1090 1035 1123 zucarum,
1068 1082 1110 1116 et
1141 1089 1286 1124 eeram,
1319 1075 1501 1128 aliasque

147 1145 404 1186 diversorum
431 1157 628 1198 generum
657 1143 810 1196 species
840 1143 988 1183 electas
1001 1157 1013 1192 3
1040 1143 1254 1195 pecuniam
1282 1141 1500 1190 infinitam,

146 1216 189 1251 et
234 1222 373 1250 rerum
419 1209 554 1262 copias
600 1208 925 1258 innumerabiles,
962 1208 1084 1261 quod,
1124 1208 1230 1248 sicut
1276 1207 1501 1256 dicebatur,

149 1275 356 1317 nullorum
389 1289 569 1327 unquam
599 1274 853 1328 temporibus
890 1274 1122 1327 praeliorum
1161 1278 1279 1314 tanta
1308 1273 1429 1313 simul
1460 1278 1503 1314 et

149 1342 274 1383 semel
301 1342 466 1381 fuerant
493 1341 703 1393 acquisita,
735 1340 799 1381 vel
828 1340 965 1393 praeda
992 1339 1223 1388 consimilis,
1246 1345 1332 1380 tam
1361 1339 1499 1379 multi-

151 1408 256 1462 plex,
278 1413 487 1448 tantarum
507 1420 631 1460 opum
652 1407 787 1459 opima
805 1407 1022 1447 variarum.

389 1537 660 1588 Richard’s
699 1537 970 1587 Generous
1007 1527 1262 1586 Division.

152 1634 218 1675 1131
237 1647 310 1674 rex
333 1633 568 1687 magnificus
588 1632 760 1673 camelos
780 1646 886 1681 suos,
908 1632 1056 1685 quibus
1082 1645 1291 1684 nunquam
1311 1631 1388 1671 visi
1408 1636 1505 1671 sunt

151 1701 346 1754 aptiores,
365 1699 579 1740 distribuit
608 1698 808 1739 militibus
836 1698 928 1747 illis,
951 1698 1075 1738 etiam
1102 1698 1172 1750 qui
1198 1697 1433 1737 resederant
1451 1696 1504 1736 ad

245 1790 341 1822 1192.
424 1765 647 1806 exercitum
676 1762 889 1813 tuendum,
921 1777 1035 1816 aequa
1062 1763 1324 1816 proportione
1352 1776 1434 1815 qua
1463 1767 1506 1803 et

239 1833 334 1872 R.S.‚
425 1831 474 1871 iis
508 1831 577 1884 qui
611 1831 654 1870 in
688 1830 991 1883 expeditionem
1020 1829 1192 1882 profecti
1220 1834 1341 1878 sunt3
1369 1842 1505 1882 regem

194 1888 252 1922 pp‘
271 1878 383 1910 392'3‘
424 1897 558 1938 David
597 1897 835 1937 bellatorem
872 1896 1138 1936 fortissimum
1176 1895 1218 1934 in
1257 1908 1305 1935 eo
1341 1894 1507 1934 imitans

155 1966 374 2019 eleganter,
396 1969 445 2004 ut
473 1976 628 2016 aequam
658 1962 812 2002 scilicet
839 1961 1070 2014 acciperent
1099 1961 1328 2013 portionem
1355 1965 1398 2000 et
1419 1974 1504 2013 per-

155 2035 298 2086 gentes
327 2030 379 2071 ad
408 2029 560 2070 bellum
590 2034 632 2068 et
660 2027 847 2068 sedentes
877 2026 930 2067 ad
959 2027 1147 2067 sarcinas.
1205 2026 1353 2066 Asinos
1381 2026 1505 2067 etiam

157 2097 366 2138 universos
404 2094 675 2136 servientibus
713 2093 866 2134 divisit.
943 2092 1024 2133 Tot
1061 2093 1189 2146 igitur
1226 2092 1406 2145 repletus
1444 2098 1506 2132 est

155 2163 358 2204 exereitus
381 2161 544 2202 camelis
574 2166 616 2201 et
639 2160 773 2209 asinis,
798 2159 970 2212 aliisque
993 2159 1201 2212 jumentis,
1224 2164 1272 2199 ut
1292 2158 1363 2198 vix
1388 2162 1506 2198 tanta

155 2228 379 2269 multitudo
397 2227 668 2268 cohiberetur.
724 2225 753 2265 J
755 2226 945 2265 uniorum
971 2224 1217 2265 camelorum
1237 2237 1376 2264 carnes
1396 2237 1505 2264 assas

154 2294 269 2335 lardo
306 2294 511 2347 saginatas
547 2293 724 2333 libenter
768 2291 1096 2338 manducabant;
1145 2290 1318 2331 candida
1355 2290 1506 2344 quippe

153 2374 246 2402 caro
266 2360 347 2400 fuit
366 2365 411 2401 et
428 2360 527 2400 satis
545 2363 676 2412 grata.

698 2422 790 2458 *See
807 2426 888 2456 note
906 2425 959 2456 16.
