1708 2684
407 210 796 256 ITINERARIUM
825 214 991 256 REGIS
1019 214 1258 256 RICARDI
1453 214 1501 254 27

154 338 198 376 et
223 334 436 376 castellum
468 341 564 377 ante
597 342 759 390 portam
792 338 973 378 civitatis
1005 338 1104 378 fecit
1140 338 1309 392 erigere,
1342 350 1506 378 omnem

151 399 352 442 adhibens
364 401 681 443 sollicitudinem
691 403 953 444 conficiendis
964 403 1162 443 machinis
1173 410 1217 444 et
1230 403 1508 457 expediendis.

210 500 344 554 Philip
362 501 440 543 also
449 502 526 554 soll
543 503 628 552 sicle,
647 502 712 543 but
731 502 790 543 the
809 503 933 544 attach
945 517 993 543 cm
1012 503 1051 544 A
1057 517 1113 544 cre
1129 503 1172 555 by
1186 504 1349 555 onmes,
1375 504 1507 552 mines,

157 566 237 607 and
254 567 420 608 escalada
437 582 515 609 was
532 570 740 610 continued.

377 746 431 795 A
467 747 673 797 Breaclz
711 748 855 798 made
892 749 947 798 in
988 749 1069 799 tlze
1119 749 1191 798 W
1183 748 1288 798 alLs‘.

161 852 259 892 REX
279 851 512 893 RIOARDUS
540 853 724 894 nondum
752 854 871 908 plene
897 855 949 896 de
975 856 1214 897 infirmitate
1238 856 1514 897 convaluerat.

162 917 317 959 Verum
349 922 488 959 tamen
524 919 798 973 gerendorum
831 921 1041 969 sollicitus,
1073 935 1318 975 magnopere
1347 922 1516 962 vacabat

251 1019 334 1051 1191
435 977 527 1026 urbi
572 986 790 1039 capiendae.
864 986 1114 1027 Procurabat
1145 988 1273 1041 igitur
1304 988 1516 1028 civitatem

250 1043 348 1103 Rs}
434 1065 459 1091 a
490 1052 574 1092 suis
606 1052 844 1107 oppugnari,
881 1053 915 1093 si
947 1053 1055 1094 forte
1092 1055 1227 1108 gratia
1263 1053 1404 1094 divina.
1441 1067 1516 1107 pro

198 1117 257 1151 PP·
276 1108 389 1142 224-5.
434 1123 533 1159 voto
562 1119 790 1172 proficeret.
845 1118 961 1159 Fecit
988 1119 1128 1172 itaque
1156 1120 1243 1160 fieri
1268 1120 1515 1169 craticulam,

165 1184 445 1238 multiplicatis
464 1184 638 1225 nexibus
658 1184 962 1234 consolidatam,
979 1185 1105 1239 vulgo
1124 1185 1276 1226 dictam
1296 1186 1515 1235 cercleiam,

163 1251 462 1293 studiosissimo
480 1258 731 1305 compactam
751 1258 961 1305 apparatu,
980 1266 1102 1304 quam
1121 1253 1164 1292 in
1184 1252 1383 1292 fossatum
1403 1259 1521 1293 extra

165 1333 329 1360 murum
361 1319 542 1359 civitatis
570 1319 719 1359 statuit
748 1319 1063 1372 producendam.
1123 1318 1278 1359 Subtus
1311 1325 1428 1359 erant
1459 1321 1525 1359 sui

165 1384 365 1426 balistarii
383 1384 646 1437 peritissimi3
673 1398 797 1437 seque
816 1384 914 1424 illuc
939 1384 1039 1424 fecit
1065 1384 1274 1437 deportari
1292 1385 1335 1424 in
1355 1385 1524 1425 culcitra

166 1451 304 1500 serica,
320 1456 369 1490 ut
383 1450 603 1498 Saracenos
619 1463 691 1490 sua
706 1457 894 1490 oneraret
905 1450 1135 1503 praesentia,
1153 1454 1196 1490 et
1209 1463 1303 1490 suos
1322 1451 1523 1491 animaret

165 1515 220 1556 ad
251 1514 530 1568 pugnandum.
588 1515 690 1555 Inde
727 1529 800 1555 sua
844 1515 1038 1556 utebatur
1076 1515 1234 1565 balista,
1274 1517 1392 1569 cujus
1430 1521 1520 1557 erat

168 1581 335 1635 peritus,
375 1585 419 1621 et
455 1580 592 1633 plures
628 1581 773 1634 jaculis
810 1581 984 1634 peremit
1020 1581 1177 1621 emissis
1210 1587 1253 1622 et
1285 1581 1389 1635 pilis.
1449 1582 1523 1623 Sui

169 1660 331 1701 quoque
356 1646 531 1688 fossores
557 1652 695 1687 meatu
724 1647 991 1688 subterraneo
1019 1648 1145 1687 turris
1170 1647 1293 1696 illius,
1318 1648 1371 1688 ad
1401 1662 1523 1702 quam

170 1713 357 1766 petrariae
394 1726 476 1753 suae
513 1712 810 1766 jaculabantur,
849 1712 1119 1753 fundamenta
1156 1714 1442 1766 quaeritabant,
1482 1715 1525 1754 in

171 1791 345 1831 quorum
363 1777 640 1819 dehiscentem
665 1778 943 1831 diruptionem
969 1792 1062 1819 cum
1088 1778 1292 1832 lignorum
1312 1781 1525 1820 materiem

168 1845 369 1884 intrusam
410 1844 505 1898 igne
551 1844 854 1894 succenderent,
894 1844 1046 1885 crebris
1086 1845 1211 1885 etiam
1252 1847 1523 1899 petrariarum

170 1910 329 1959 ictibus,
352 1910 490 1951 subito
509 1911 664 1951 corruit
683 1910 857 1963 fragore.

569 2093 712 2142 Aere
747 2092 883 2142 hard
909 2093 1130 2159 pres-sed.

174 2196 368 2236 INTEREA
387 2202 506 2237 nocte
525 2202 568 2237 et
585 2197 652 2237 die
665 2196 992 2237 Christianorum
1007 2211 1088 2238 non
1108 2199 1321 2238 cessabant
1339 2199 1526 2251 petrariae

178 2276 316 2302 muros
346 2263 501 2317 jugiter
529 2269 857 2316 conquassantes.
916 2263 1035 2313 Quod
1060 2264 1248 2304 videntes
1277 2264 1429 2304 obsessi
1459 2264 1528 2304 ad-

177 2328 313 2368 mirati
349 2335 456 2377 sunt,
497 2329 730 2369 conturbati
768 2335 876 2377 sunt,
911 2329 1103 2370 commoti
1138 2334 1244 2378 sunt,
1278 2335 1432 2369 tremor
1459 2343 1530 2382 ap-

176 2394 395 2447 prehendit
423 2407 518 2444 e0s3
537 2408 711 2447 quorum
744 2395 910 2447 quidam
941 2395 1079 2435 timori
1108 2395 1309 2444 cedentes,
1343 2396 1531 2436 exterriti
