1708 2684
307 266 356 303 18
554 262 939 303 ITINERARIUM
968 261 1133 302 REGIS
1162 261 1396 302 RIOARDI

357 446 464 496 The
501 447 651 512 Siege
688 445 754 512 ρκ’
780 446 922 495 Aere
959 444 1130 511 aeftre
1168 444 1248 494 the
1289 425 1621 511 Amvaz'zff

686 524 861 590 Philip
892 524 1001 573 and
1025 523 1268 574 Richard.

305 635 500 677 INTEREA
519 636 672 678 Christi
698 635 858 685 milites,
880 649 982 688 quos
1010 636 1053 675 in
1079 635 1214 676 Terrae
1239 634 1397 676 Sanctae
1421 633 1648 676 subsidium

307 701 443 742 classis
480 707 773 751 transvexerat,
810 701 954 742 Achon
986 701 1226 754 premebant
1257 701 1470 741 obsessam.
1526 698 1649 740 Turni

335 811 419 843 1189
446 812 531 844 1190
620 774 758 808 autem
799 767 962 815 obsessi,
1001 773 1086 806 tam
1138 780 1303 807 suorum
1344 765 1648 814 numerositate,

386 834 482 894 RJS„
534 835 542 846 ⁹
618 847 740 886 quam
777 831 854 873 loci
884 833 1078 872 firmitate
1107 833 1259 880 confisi,
1288 831 1551 886 pertinaciter
1577 829 1648 870 ad-

306 908 362 940 PP-
383 899 436 938 57,
447 899 498 936 58,
516 900 570 936 60,
618 899 806 939 versariis
835 911 877 938 se
910 898 1178 951 opponebant,
1210 897 1320 938 urbis
1348 894 1653 951 propugnacula

324 944 414 982 ‹sl-2,
434 944 485 981 63,
503 944 556 975 64.
620 968 872 1018 occupantes,
905 968 950 1003 et
978 964 1106 1003 vicem
1142 963 1311 1004 reddere
1351 961 1652 1003 contendebant

305 1029 648 1083 impugnantibus.

363 1096 449 1136 Nec
481 1096 590 1136 enim
618 1094 840 1136 Christiani
874 1094 1127 1134 sufficiebant
1155 1093 1333 1134 civitatis
1365 1106 1560 1147 occupare
1593 1092 1651 1132 in-

307 1162 467 1209 troitus,
499 1161 598 1212 quin
624 1160 805 1200 clanculo
834 1161 994 1199 exirent
1017 1158 1137 1199 Turci
1166 1165 1208 1199 et
1231 1159 1460 1199 introirent.
1516 1157 1651 1198 Deum

306 1228 444 1279 itaque
464 1227 506 1265 in
524 1226 722 1265 auxilium
742 1226 987 1273 invocantes,
1009 1224 1260 1265 Christicolae
1286 1224 1489 1276 patienter
1507 1236 1650 1276 expec-

306 1294 451 1333 tabant
469 1293 692 1332 adventum
707 1291 966 1344 reliquorum,
983 1291 1054 1343 qui
1073 1291 1125 1330 ab
1143 1290 1320 1330 occiduis
1338 1290 1447 1330 orbis
1465 1289 1650 1343 partibus

307 1358 575 1411 sperabantur
594 1357 767 1397 venturi.

360 1424 459 1463 Post
478 1436 559 1462 non
578 1422 753 1462 multum
773 1421 940 1462 collecto
960 1421 1141 1461 exercitu
1160 1421 1265 1461 rex*
1283 1419 1435 1474 Tyrum
1453 1419 1651 1474 procedit,

306 1490 376 1529 sed
399 1488 558 1542 ingredi
579 1488 718 1528 volens
737 1503 761 1527 a
786 1488 1014 1533 Marchiso†
1042 1500 1123 1526 non
1153 1486 1398 1535 admittitur,
1420 1486 1484 1526 cui
1514 1491 1652 1526 tamen

305 1555 449 1594 civitas
468 1568 515 1594 eo
535 1559 675 1594 tenore
700 1554 911 1593 commissa
930 1553 1075 1601 fuerat,
1098 1556 1146 1592 ut
1163 1552 1270 1605 regis
1289 1556 1331 1592 et
1349 1552 1465 1606 regni
1483 1550 1651 1592 haeredi—

305 1622 382 1661 bus
401 1621 651 1662 redderetur.
1502 1608 1505 1612 .

361 1687 451 1726 Rex
489 1700 721 1739 quanquam
757 1686 810 1725 ad
847 1685 990 1724 urbem
1029 1683 1346 1737 impugnandam
1393 1683 1652 1737 suggestione

305 1752 483 1804 plurium
515 1752 719 1800 incitetur,
754 1752 884 1803 ipsam
917 1756 1054 1790 tamen
1087 1749 1279 1801 injuriam
1318 1748 1542 1801 prudenter
1569 1747 1653 1788 dis-

306 1818 480 1866 simulat,
516 1822 558 1857 et
590 1831 682 1857 cum
720 1817 901 1857 exercitu
941 1829 1021 1868 quo
1059 1819 1196 1867 potest
1233 1821 1275 1854 et
1313 1819 1467 1866 quanto
1503 1817 1652 1867 potest,

306 1883 449 1923 Achon
487 1883 722 1923 obsessurus
768 1883 948 1922 festinat.
1024 1881 1153 1920 Erant
1190 1880 1340 1919 milites
1377 1878 1627 1933 septingenti
1638 1893 1652 1928 ς

306 1955 422 1989 erant
451 1955 493 1989 et
521 1949 589 1988 alii
617 1949 765 2001 plureS,
797 1961 848 1987 ex
875 1947 986 1988 omni
1019 1947 1183 1986 natione
1216 1945 1448 1986 Christiana
1479 1944 1649 1993 collecti,
1673 1974 1677 1977 .

306 2015 377 2055 sed
397 2016 430 2054 si
450 2019 579 2054 totam
599 2014 719 2054 simul
738 2014 865 2054 aciem
891 2013 1089 2052 aestimare
1110 2011 1292 2060 velimus,
1314 2025 1395 2051 non
1414 2009 1652 2064 prorsusad

306 2094 451 2120 novem
471 2080 597 2119 millia
616 2080 738 2119 robur
758 2083 1017 2118 numeratum
1037 2077 1228 2117 excrevit.

359 2145 589 2184 Transactis
604 2144 778 2196 denique
791 2149 966 2195 quatuor
980 2142 1195 2190 mensibus
1212 2154 1286 2180 rex
1300 2139 1438 2180 Guido
1450 2143 1650 2192 quantum

306 2211 450 2250 habuit
469 2210 692 2249 exercitum
711 2209 832 2248 duxit
851 2222 924 2261 per
942 2209 1075 2248 locum
1094 2206 1475 2259 periculosissimum
1494 2205 1650 2246 dictum

307 2275 543 2323 Candeli0n‚
565 2274 810 2314 Salahadino
839 2287 965 2326 prope
985 2273 1199 2318 existente,
1220 2271 1291 2311 sed
1315 2271 1533 2310 transitum
1561 2270 1651 2323 ejus

307 2343 531 2394 ignorante.
563 2340 749 2379 Exeunte
765 2339 964 2392 Augusto,
979 2338 1046 2377 die
1062 2337 1214 2377 scilicet
1234 2336 1372 2376 Sancti
1386 2335 1648 2389 Augustinm

420 2430 435 2446 ¹·
461 2428 521 2460 See
537 2430 617 2460 note
633 2429 663 2459 5.
849 2427 871 2463 -ἰ-
894 2426 954 2458 See
970 2429 1051 2459 note
1067 2427 1098 2457 6.
1286 2426 1308 2463 ἶ
1330 2423 1466 2466 August
1481 2425 1534 2456 28.
