1708 2684
286 236 337 274 48
540 234 927 276 ITINERARIUM
956 235 1122 276 REGIS
1150 236 1384 279 RIOARDI

281 354 444 407 dignior
477 354 652 403 honoris,
692 369 773 407 quo
810 356 936 409 gestis
979 357 1161 397 noscitur
1205 358 1448 409 immanior;
1494 361 1632 414 sicque

282 420 553 460 reverentiam
565 422 749 473 acquirat
760 422 952 470 astutia*,
966 422 1065 462 dum
1079 423 1348 477 ignominiose
1359 425 1493 477 jaceat
1502 425 1632 479 pietas

283 485 568 538 simplicitatis,
605 486 728 539 hujus
761 487 896 528 saeculi
930 493 1128 542 regnante
1159 489 1389 542 prudentia.
1459 490 1539 532 Hic
1568 497 1633 533 est

281 550 417 591 Guido
443 564 516 591 rex
544 552 630 592 sine
658 566 794 606 regn0.
854 554 1147 594 Verumtamen
1175 569 1249 595 rex
1277 555 1487 606 Ricardus,
1508 570 1631 611 super

279 617 413 669 ipsum
433 623 568 658 motus
596 618 761 670 pietate,
783 622 826 659 et
850 625 1017 672 propter
1045 620 1171 672 ipsius
1198 626 1338 661 notam
1366 622 1628 675 probitatem,

278 682 420 723 insulae
440 682 578 736 Cypri,
594 685 778 735 quamvis
794 698 883 724 eam
898 686 1010 737 prius
1030 685 1251 739 Templarii
1267 701 1292 726 a
1304 700 1399 741 rege
1418 689 1626 737 emissent,

279 748 411 788 eidem
458 749 633 789 contulit
679 750 808 804 gratis
855 751 1083 804 imperium.
1161 752 1308 805 Sicque
1356 766 1428 792 rex
1475 753 1626 804 Gufflo,

279 813 601 866 Templariorum
649 816 866 868 emptionis
914 822 1164 857 commutata
1201 818 1447 868 conditione,
1485 818 1628 860 insulae

280 878 407 931 Cypri
428 879 559 919 factus
578 884 642 920 est
660 881 892 933 imperator.

363 978 531 1018 [sichard
550 979 629 1019 took
646 980 812 1028 Darum,
832 981 910 1020 and
930 981 1119 1020 advanced
1138 982 1296 1022 towards
1313 981 1537 1025 Jemsalom.

539 1193 696 1241 More
735 1194 891 1242 News
908 1193 1058 1259 from
1096 1194 1363 1259 England.

279 1292 422 1331 VENIT
453 1292 506 1332 ad
540 1307 676 1346 regem
709 1294 761 1334 ab
797 1295 948 1348 Anglia
976 1294 1206 1335 destinatus
1240 1296 1422 1348 nuncius,
1458 1297 1627 1338 clericus

279 1357 442 1396 nomine
461 1357 489 1396 J
491 1357 670 1398 ohannes
697 1359 749 1398 de
778 1359 977 1406 Alenzun,
997 1360 1180 1400 indicans
1199 1360 1389 1414 Angliam
1418 1362 1625 1403 turbatam

359 1457 444 1488 1192
550 1437 622 1476 per
642 1423 843 1464 Comitem
861 1425 890 1464 J
892 1425 1094 1464 ohannem
1122 1426 1293 1465 fratrem
1321 1427 1438 1480 regis,
1460 1428 1531 1480 qui
1551 1442 1625 1469 nec

362 1481 455 1536 R.S‚J
546 1490 804 1542 persuasione
838 1491 987 1544 reginae
1022 1492 1163 1531 matris
1201 1506 1294 1541 suae,
1330 1492 1395 1533 vel
1433 1507 1608 1546 quorum

311 1554 368 1586 PP·
390 1545 500 1576 358-9.
550 1569 707 1607 cunque
754 1556 927 1595 aliorum
968 1557 1235 1606 consentiens,
1276 1558 1449 1610 propriae
1487 1560 1625 1611 potius

277 1620 502 1660 ducebatur
522 1626 637 1660 motu
657 1621 881 1661 voluntatis
897 1637 906 1661 z
934 1636 958 1660 a
977 1635 1071 1675 rege
1093 1636 1253 1674 quoque
1272 1623 1453 1664 Franciae
1471 1625 1623 1665 crebris

277 1686 643 1726 intercurrentibus
689 1688 848 1726 nunciis
895 1687 1201 1736 sollicitabatur,
1240 1694 1287 1728 ut
1332 1690 1417 1741 jam
1464 1703 1512 1730 eo
1558 1704 1623 1732 res

275 1755 536 1803 processerat,
557 1751 667 1803 quod
687 1752 764 1791 nisi
785 1765 1024 1804 quacunque
1044 1753 1250 1793 occasione
1270 1754 1425 1795 nefaria
1442 1755 1622 1807 proditio

275 1817 572 1863 reiraenaretur‚
603 1817 645 1855 in
673 1818 859 1869 proximo
889 1819 1063 1858 asseruit
1092 1819 1311 1868 imminere,
1341 1825 1390 1860 ut
1417 1820 1570 1878 Anglia
1596 1836 1621 1862 a

276 1882 382 1935 regis
404 1882 569 1922 Ricardi
588 1883 789 1922 alienetur
808 1883 975 1923 ditione.
1008 1915 1015 1923 .
1050 1913 1059 1922 .
1091 1913 1099 1922 .

331 1946 527 1987 Nondum
546 1953 685 1987 autem
706 1948 814 1987 fama
839 1949 999 2000 plenius
1023 1949 1235 2002 propalata
1258 1950 1494 2002 huJ'usmodi
1512 1953 1620 2007 regis
1674 1977 1678 1980 ·

275 2013 513 2059 voluntatis,
536 2013 702 2065 quidam
730 2013 920 2054 dicebant
945 2014 1068 2066 quod,
1096 2019 1204 2054 “rex
1229 2016 1412 2068 profecto
1434 2017 1621 2058 abiturus

280 2078 414 2118 “est''
428 2093 439 2127 5
476 2079 546 2117 alii
577 2093 673 2118 vero
708 2083 731 2100 “
744 2079 850 2128 Non,
885 2080 957 2120 sed
987 2081 1264 2133 perseverabit
1279 2097 1291 2130 3
1319 2082 1415 2134 quia
1443 2097 1616 2134 rumore,

278 2143 456 2183 “incerti
490 2157 570 2183 non
601 2145 831 2184 avocabunt
858 2145 993 2197 ipsum
1021 2160 1046 2184 a
1072 2151 1157 2185 tam
1185 2146 1242 2198 pii
1271 2147 1404 2199 operis
1432 2160 1617 2188 consum-

275 2215 298 2232 “
311 2210 448 2250 mandi
468 2211 644 2263 negotio,
663 2211 757 2262 quia
776 2211 967 2250 nimirum
980 2212 1233 2263 acquirendae
1253 2217 1371 2252 terrae
1394 2227 1466 2266 per
1484 2214 1619 2266 ipsum

278 2280 301 2297 “
317 2276 392 2315 hoc
411 2290 492 2315 non
513 2276 734 2328 expediret,
758 2290 830 2316 nec
850 2277 994 2316 honori
1013 2290 1086 2316 suo
1106 2277 1392 2330 competeret.'’

815 2364 833 2383 *
861 2364 922 2396 See
937 2366 1018 2397 note
1036 2366 1086 2397 15.
