1708 2684
130 159 1485 180 Μ

381 210 774 258 ITINERARIUM
803 213 970 255 REGIS
998 211 1237 255 RICARDI
1438 212 1489 252 11

183 340 382 393 Tempore
420 338 602 387 decurso,
645 337 923 377 Romanorum
962 336 1184 388 imperator
1225 333 1487 374 Frethericus

104 436 106 438 -
130 418 252 447 sacrae
271 404 610 459 peregrinationis
624 403 796 444 assumit
809 402 999 455 insignia,
1020 405 1064 442 et
1081 401 1168 442 veri
1187 399 1360 440 formam
1379 411 1490 451 pere-

129 472 251 527 grini,
267 476 355 512 tam
373 472 575 512 exteriore
590 470 745 519 habitu,
764 483 887 522 quam
900 468 1096 508 interiore
1108 466 1314 520 depromit
1328 466 1487 506 affectu.

131 538 208 580 Vir
226 543 380 588 tantus,
395 538 512 590 cujus
531 537 747 590 imperium
762 535 856 576 hinc
876 535 993 574 Mare
1013 533 1374 580 Mediterraneum,
1395 531 1490 570 hinc

134 603 314 644 Borealis
345 602 561 644 claudebat
589 601 786 650 Oceanus,
817 601 935 653 cujus
963 599 1095 654 gloria
1126 597 1332 639 continuis
1362 596 1492 637 crevit

133 669 326 719 victoriis,
347 669 466 722 cujus
494 667 671 709 fidelitas
699 681 782 707 non
811 666 939 707 sensit
967 666 1172 714 offensam,
1195 676 1357 704 omnem
1377 662 1493 702 blan-

133 735 285 776 dientis
313 735 448 776 saeculi
476 734 691 788 postponit
717 732 961 781 illecebram,
984 736 1027 772 et
1045 730 1210 771 humilis
1233 742 1307 782 pro
1328 728 1494 770 Christo

133 801 360 855 accingitur
377 805 647 855 pugnaturus.
691 799 793 851 Ejus
813 798 1045 847 strenuitas,
1067 796 1295 849 praesertim
1313 795 1356 834 in
1376 794 1494 834 annis

134 867 377 921 algentibus,
407 880 490 907 non
516 866 650 906 minus
677 864 880 917 stupenda
906 877 1029 916 quam
1055 861 1259 903 laudanda
1278 866 1368 908 est;
1399 873 1494 900 nam

134 947 227 975 cum
246 933 381 974 senior
410 938 527 982 esset,
549 936 593 973 et
617 931 721 972 filios
748 931 928 980 haberet,
952 929 1100 982 quibus
1120 933 1162 969 et
1182 934 1279 968 aetas
1300 930 1342 967 et
1361 926 1495 966 virtus

134 1000 188 1040 ad
216 998 478 1040 militandum
506 998 641 1051 aptior
669 996 912 1042 videbatur;
944 1008 1012 1035 eos
1041 1001 1179 1034 tamen
1208 999 1405 1045 tanquam
1434 991 1494 1030 in-

137 1066 381 1106 sufficientes
399 1070 608 1118 reputans,
629 1065 715 1117 ipse
730 1061 1032 1103 Christianismi
1052 1060 1263 1114 negotium
1282 1071 1498 1111 procuran-

137 1131 238 1172 dum
265 1132 445 1185 suscepit
462 1147 473 1181 ;
499 1131 593 1170 filiis
621 1135 760 1170 autem
789 1128 1054 1176 instantibus,
1079 1131 1129 1166 ut
1147 1125 1213 1166 vel
1238 1138 1313 1178 pro
1338 1124 1410 1164 illo
1429 1122 1495 1164 vel

139 1211 231 1239 cum
249 1197 322 1238 illo
341 1202 537 1250 susceptae
558 1196 715 1236 militiae
742 1208 891 1235 munus
917 1193 1148 1246 implerent,
1170 1191 1285 1232 illum
1306 1191 1378 1243 qui
1397 1195 1499 1230 natu

139 1265 271 1318 major
299 1269 400 1314 erat,
429 1267 671 1317 regnantem
701 1260 895 1314 reliquit,
923 1260 1049 1300 alium
1076 1272 1174 1300 vero
1204 1271 1326 1310 quem
1353 1256 1499 1296 ducem

140 1330 369 1371 Suavorum
389 1329 554 1379 fecerat,
574 1342 711 1369 secum
729 1326 961 1379 assumpsit.

177 1549 213 1597 Ἰ
216 1547 284 1598 'lle
318 1546 495 1597 Death
530 1544 588 1610 os
618 1542 910 1596 Frederz'cls
945 1541 1292 1598 Barbarossa‚
1331 1546 1476 1590 1190.

144 1651 266 1692 ERAT
298 1650 410 1691 locus
443 1651 485 1690 in
519 1649 723 1690 Armeniae
757 1649 860 1697 sinu,
893 1660 1014 1700 quem
1048 1645 1143 1686 hinc
1175 1649 1336 1685 montes
1369 1643 1502 1692 ardui,

146 1718 240 1758 hinc
260 1716 396 1758 Selefii
416 1717 568 1756 flumen
589 1715 868 1768 praeterfluens
887 1712 1119 1753 coarctabat-
1137 1727 1145 1752 z
1175 1724 1256 1764 qua
1275 1710 1375 1751 dum
1394 1724 1501 1750 sum-

236 1815 323 1847 1190
418 1782 535 1822 marii
581 1788 623 1822 et
667 1780 832 1820 sarcinae
880 1782 1095 1819 transeunt
1142 1777 1383 1817 victoriosus
1429 1775 1505 1816 im-

236 1838 335 1895 Rs:
419 1855 583 1901 perator
611 1846 814 1887 subsistit.
871 1843 947 1884 Vir
973 1843 1139 1897 quidem
1167 1842 1360 1896 inclytus,
1388 1842 1523 1894 cujus-

202 1912 260 1946 PP·
279 1903 370 1936 54-5.
420 1918 580 1954 statura
628 1911 887 1952 mediocriter
943 1910 1136 1958 eminens,
1190 1908 1321 1949 crines
1377 1906 1504 1956 rutili,

150 1981 277 2022 barba
326 1980 491 2028 rubens,
544 1978 738 2031 utrinque
786 1976 988 2017 interfusa
1039 1975 1233 2022 canities3
1293 1973 1509 2027 supercilia

151 2047 396 2102 prominent,
435 2047 652 2100 ignescunt
698 2043 832 2084 oculi:
879 2056 984 2096 gena
1029 2041 1192 2082 brevior
1237 2041 1281 2080 in
1327 2039 1509 2093 amplum

153 2113 418 2154 extenditur:
456 2117 599 2165 pectus
637 2115 679 2151 et
716 2109 876 2149 humeri
913 2106 1213 2156 diffunduntur,
1250 2105 1322 2146 sed
1359 2111 1402 2146 et
1438 2105 1506 2146 de-

152 2179 318 2231 scriptio
361 2178 540 2231 corporis
586 2177 630 2216 in
667 2176 803 2216 virum
841 2174 1061 2227 consurgit.
1139 2172 1189 2212 In
1235 2171 1307 2212 illo
1354 2171 1506 2224 itaque,

155 2244 267 2298 quod
300 2243 350 2284 de
384 2243 550 2284 Socrate
579 2242 743 2296 legitur,
773 2240 934 2294 insigne
962 2237 1160 2291 quiddam
1188 2250 1234 2277 ac
1263 2236 1510 2290 stupendum

155 2311 306 2352 enituit
323 2326 330 2350 :
360 2323 455 2350 nam
474 2308 746 2350 constantiam
765 2306 891 2346 animi
910 2304 1166 2358 exprimebat
1184 2302 1336 2351 vultus,
1353 2315 1512 2354 semper

157 2377 267 2418 idem
286 2381 330 2417 et
347 2374 568 2416 immobilis
587 2385 842 2427 permanens,
864 2384 938 2412 nec
961 2370 1101 2411 dolore
1121 2369 1340 2418 obscurior,
1361 2381 1435 2409 nec
1454 2367 1515 2408 ira
