1708 2684
394 210 780 260 ITINERARIUM
810 217 974 259 REGIS
1002 216 1238 258 RICARDI
1441 214 1491 255 57

371 349 598 425 Richard
635 373 679 423 is
718 373 934 439 delayed
967 372 1031 439 by
1079 373 1269 422 Wnds.

145 469 390 511 PRAETEREA
409 474 557 511 ventus
577 470 804 511 contrarius
823 470 981 510 irruens
1001 483 1023 510 e
1042 469 1207 523 regione
1235 481 1360 508 naves
1388 467 1495 520 regis

145 533 284 574 triduo
313 533 425 574 sistit
452 533 680 573 immobiles
709 533 853 573 subtus
873 532 1085 586 Caypham
1104 545 1185 584 quo
1211 534 1494 584 pervenerant.

443 598 534 639 Rex
554 612 707 639 moram
727 599 1003 651 importunam
1024 610 1128 650 aegre
1147 597 1294 646 ferens,
1314 595 1497 650 graviter

161 653 386 740 Rsng2⁰405
442 665 649 718 suspirans
680 665 754 713 ait,
792 664 1006 704 “Domine
1034 663 1174 704 Deus!
1211 668 1260 702 ut
1293 662 1393 714 quid
1422 675 1496 701 nos

194 723 201 730 ’
233 722 253 736 ”
297 722 304 729 ’
391 721 398 729 ’
445 730 669 771 “detines“
714 730 898 771 Attende
918 743 1148 782 quaesumus
1174 741 1334 769 causam
1361 741 1495 768 neces-

149 797 319 837 “sitatis
371 802 414 837 et
464 797 727 837 devotionem
774 796 1040 837 voluntatis'’
1102 795 1189 836 Nec
1235 808 1358 844 mora,
1407 795 1497 835 Deo

145 868 363 910 annuente,
393 863 593 903 secundus
622 863 776 903 afflavit
803 868 951 903 ventus
979 877 1003 902 a
1032 867 1159 914 tergo,
1182 861 1349 902 classem
1378 874 1498 901 cursu

145 942 339 982 prospero
366 927 572 969 deducens
591 929 633 968 in
654 933 820 982 portum
844 927 873 969 J
875 941 1009 982 oppen
1034 932 1152 969 nocte
1171 929 1255 981 jam
1281 927 1497 981 profunda,

145 998 341 1048 sequente
359 993 469 1035 diem
489 994 672 1036 Veneris.

371 1117 479 1168 The
524 1117 698 1167 Turks
739 1134 831 1168 are
864 1123 962 1183 put
1003 1123 1054 1167 to
1097 1116 1293 1183 Flz'glzt.

147 1207 325 1248 TUROOS
353 1208 482 1262 igitur
509 1209 753 1249 obsistentes
778 1208 822 1248 in
849 1207 989 1248 littore
1014 1207 1279 1261 pertinaciter
1296 1207 1501 1248 invadunt

148 1273 353 1324 audacter,
370 1287 545 1327 quorum
557 1274 824 1315 multitudine
839 1279 975 1315 totum
990 1273 1108 1314 littus
1123 1273 1365 1315 tenebatur:
1395 1287 1500 1325 quos

232 1375 319 1407 1192
419 1354 493 1381 rex
531 1341 747 1394 singularis
785 1340 1030 1394 praestantiae
1062 1353 1154 1380 cum
1185 1339 1342 1388 balista,
1376 1353 1498 1393 quam

239 1400 332 1457 Rs}
424 1420 548 1447 manu
576 1406 773 1460 gestabat,
796 1406 947 1459 passim
975 1406 1208 1459 prosternit,
1231 1407 1348 1458 cujus
1376 1406 1500 1446 etiam

152 1473 209 1506 PP·
228 1464 305 1500 408.
320 1463 395 1496 409.
420 1465 588 1514 comites
601 1472 729 1522 electi,
743 1485 816 1525 per
827 1472 978 1512 littoris
990 1472 1124 1525 ampla
1136 1471 1289 1512 Turcos
1301 1472 1501 1512 caedentes

150 1540 499 1594 persequebantur
518 1539 733 1591 fugientes,
755 1551 829 1578 nec
849 1538 958 1578 enim
977 1538 1158 1586 ulterius,
1177 1539 1264 1578 viso
1284 1551 1392 1591 rege,
1413 1543 1502 1578 erat

151 1607 209 1647 eis
229 1606 396 1659 spiritus
413 1620 424 1655 ;
453 1619 526 1646 nec
545 1605 678 1645 eidem
696 1604 903 1645 audebant
921 1605 1173 1657 appropiare.
1206 1634 1215 1644 .
1247 1635 1256 1644 .

207 1672 243 1713 Ο
280 1672 424 1713 invicti
461 1672 569 1725 regis
598 1671 857 1712 animositas!
905 1671 988 1723 qui,
1019 1676 1068 1710 ut
1104 1670 1212 1710 infra
1248 1670 1427 1711 civitatis
1460 1685 1502 1711 se

154 1739 431 1780 intromiserat
449 1751 596 1787 muros,
621 1738 762 1777 statim
782 1736 993 1790 explicitas
1012 1737 1198 1777 banerias
1216 1751 1308 1777 suas
1329 1737 1503 1778 eminen-

154 1805 236 1846 tius
250 1804 440 1858 exposuit
453 1803 651 1844 videndas
665 1802 916 1851 Christianis,
933 1802 1004 1854 qui
1023 1803 1066 1842 in
1079 1802 1183 1842 turri
1198 1802 1499 1843 obsidebantur.

154 1871 312 1922 Quibus
331 1871 428 1911 visis
447 1869 708 1910 ineffabiliter
727 1868 954 1916 exhilarati,
973 1874 1168 1921 concepta
1186 1868 1344 1917 fiducia,
1367 1882 1502 1921 sump-

154 1938 208 1978 tis
232 1937 355 1976 armis
380 1936 679 1976 descenderunt
706 1949 730 1974 a
759 1935 874 1982 turri,
903 1940 951 1973 ut
978 1934 1245 1974 convenirent
1271 1934 1325 1974 ad
1352 1949 1500 1987 regem.

156 2003 246 2054 Quo
283 2003 447 2057 cognito
494 2002 687 2042 turbatur
730 2001 955 2041 Turcorum
993 2001 1206 2040 exercitus.
1283 2001 1373 2040 Rex
1411 2014 1502 2040 cum

155 2069 371 2124 evaginato
398 2067 536 2122 gladio
565 2067 756 2108 incedens
784 2067 1024 2119 insequitur,
1056 2066 1232 2119 perimit,
1262 2067 1505 2116 detruncat3

157 2139 253 2176 ante
283 2135 428 2175 faeiem
458 2135 547 2187 ejus
581 2133 786 2187 fugientes
814 2132 967 2173 eadunt
992 2146 1016 2172 a
1043 2132 1200 2173 dextris
1227 2138 1269 2172 et
1287 2147 1312 2173 a
1330 2133 1506 2173 sinistris

156 2201 392 2242 densissime
425 2201 477 2241 ab
507 2213 579 2240 eo:
608 2199 697 2239 aliis
734 2199 859 2239 etiam
889 2213 914 2238 a
946 2199 1051 2239 turri
1088 2198 1426 2253 ingredientibus,
1460 2199 1509 2239 fit·

157 2267 383 2308 Turcorum
411 2266 539 2306 caedes
566 2264 780 2314 horrenda,
812 2278 985 2318 quorum
1014 2270 1056 2304 et
1083 2264 1238 2317 plateas
1267 2264 1511 2305 detruncata

158 2332 243 2385 jam
280 2336 480 2384 occupant
516 2330 721 2371 cadavera.
800 2329 910 2380 Quid
953 2329 1124 2383 singulis
1161 2330 1377 2370 immorer?
1422 2331 1511 2370 sine

159 2396 356 2439 dilatione
386 2396 578 2438 trucidati
608 2400 706 2436 sunt
734 2388 914 2436 universi
943 2396 1013 2448 qui
1042 2395 1084 2435 in
1113 2401 1245 2436 castro
1275 2402 1404 2443 erant,
1435 2396 1513 2436 nisi
