1708 2684
406 251 793 294 ITINERARIUM
821 250 986 291 REGIS
1015 248 1252 291 RICARDI
1459 251 1509 289 35

274 408 382 459 The
418 407 598 458 Battle
636 406 693 472 os
725 406 905 471 Ars-{cf
914 409 960 456 s*
1018 407 1126 457 The
1170 407 1393 458 Turlcish

696 487 961 538 Advance.

149 595 368 636 INSTANTR
386 596 471 649 jam
489 595 590 635 hora
607 594 689 635 diei
715 594 831 647 quasi
850 595 984 644 tertia,
1007 607 1108 644 ecce,
1130 594 1356 635 Turcorum
1377 595 1503 635 nimia

151 661 388 711 multitudo,
409 662 526 716 quasi
545 661 683 702 decem
704 660 845 709 millia,
867 661 1026 713 impetu
1045 660 1188 713 rapido
1207 661 1446 714 ingruentes
1465 661 1508 701 in

448 733 621 776 nostros,
642 727 830 767 certatim
859 727 942 781 pila
970 727 1186 780 jaciebant,
1217 732 1260 767 et
1285 727 1507 768 mittebant

166 775 403 862 R.s.llp⁹.lass2.
448 794 632 847 sagittas,
652 793 831 833 confusis
858 793 1024 834 vocibus
1053 793 1302 834 horrendum
1328 798 1503 847 perstre-

451 864 610 913 pentes.
679 859 780 899 Post
814 859 888 899 hos
927 860 1165 900 accurrebat
1200 873 1301 913 gens
1339 859 1506 900 larvalis

150 925 283 966 colore
302 925 534 978 nigerrimo,
553 924 623 976 qui
643 924 767 964 etiam
780 937 862 963 non
876 923 1211 964 inconvenienter
1231 938 1282 966 ex
1294 938 1338 965 re
1358 938 1506 965 nomen

150 992 314 1040 habent,
329 991 425 1044 quia
443 991 549 1045 sicut
568 995 665 1030 sunt
676 989 795 1044 nigri,
810 994 1011 1030 vocantur
1023 990 1065 1030 N
1067 990 1258 1044 igreduli.
1316 991 1506 1032 Saraceni

151 1071 312 1111 quoque
340 1062 644 1098 commanentes
672 1057 714 1096 in
743 1055 975 1105 solitudine,
1006 1056 1129 1110 vulgo
1158 1056 1259 1096 dicti
1285 1056 1505 1107 Bedewini,

150 1123 318 1174 horridi,
349 1123 521 1177 fuligine
559 1122 821 1171 obscuriores,
863 1122 1022 1175 pedites
1056 1123 1356 1176 improbissimi,
1390 1138 1508 1164 arcus

150 1196 358 1245 gestantes
377 1203 470 1230 cum
496 1189 710 1242 pharetris,
733 1193 776 1229 et
800 1189 963 1242 ancylia
988 1189 1191 1237 rotunda;
1221 1203 1322 1244 gens
1341 1190 1507 1243 quidem

150 1257 348 1297 acerrima
384 1261 426 1296 et
468 1255 672 1308 expedita.
751 1254 807 1294 Hi
847 1255 1129 1295 inflexibiliter
1174 1262 1315 1296 nostro
1352 1257 1507 1309 jugiter

150 1322 419 1362 imminebant
457 1321 663 1361 exercitui.
722 1320 853 1360 Extra
882 1326 1127 1362 memoratos
1160 1335 1234 1373 per
1266 1323 1510 1376 campestria

150 1388 310 1429 videres
348 1387 629 1428 accedentium
666 1387 892 1427 Turcorum
932 1389 1232 1440 competentius
1270 1396 1507 1441 procuratas

150 1454 385 1508 phalangas,
425 1457 491 1494 tot
527 1453 653 1506 signa
699 1452 848 1492 lanceis
894 1466 1089 1502 connexa,
1129 1458 1193 1494 tot
1231 1453 1394 1502 vexilla,
1442 1460 1508 1495 tot

151 1520 336 1560 banerias
363 1519 639 1572 particulatim
669 1519 858 1566 variatas,
879 1523 945 1558 tot
974 1519 1078 1559 acies
1108 1533 1180 1572 per
1203 1525 1359 1560 turmas
1385 1521 1506 1573 aptis,

152 1586 252 1626 sime
291 1585 517 1630 distinctas,
556 1597 629 1637 per
666 1589 852 1623 catervas
896 1585 1045 1624 turmis
1083 1584 1304 1638 dispositis,
1345 1586 1416 1638 qui
1453 1586 1506 1626 ad

152 1651 463 1691 aestimationem
483 1649 679 1690 excedere
698 1649 945 1689 videbantur
965 1650 1114 1703 viginti
1134 1650 1262 1691 millia
1281 1650 1507 1692 Turcorum

151 1722 412 1764 armatorum,
435 1715 618 1756 seriatim
637 1714 932 1756 accedentium.

454 1861 671 1926 Quality
706 1860 764 1924 of
795 1860 876 1911 the
922 1861 1198 1912 Warrz'ors.

151 1968 263 2009 FLOS
296 1969 405 2010 enim
436 1969 668 2022 juventutis
705 1968 878 2022 egregiae
910 1967 1246 2018 Christianitatis,
1282 1975 1324 2009 et
1358 1970 1507 2010 militia

152 2035 324 2088 probata
356 2049 403 2075 eo
437 2035 703 2083 confluxerat,
735 2040 778 2074 et
811 2040 1008 2087 tanquam
1044 2048 1265 2088 granorum
1295 2036 1427 2076 simila
1453 2037 1506 2077 ab

451 2101 587 2142 aristis
633 2106 806 2149 exserta,
849 2100 902 2140 ab
944 2100 1139 2141 extremis
1182 2101 1330 2142 finibus
1374 2108 1502 2152 terrae,

166 2148 408 2234 3031131'265·
450 2172 549 2208 tunc
588 2166 784 2220 temporis
822 2166 879 2206 ibi
918 2166 999 2206 fuit
1037 2166 1274 2216 coadunata,
1310 2182 1433 2220 quam
1470 2170 1505 2209 si

451 2234 542 2286 quis
560 2233 614 2273 ad
633 2232 952 2273 internecionem
980 2233 1229 2274 conterendo
1257 2234 1504 2287 dissipasset,

155 2298 421 2351 proculdubio
441 2313 523 2339 non
543 2303 774 2352 superesset
792 2298 835 2338 in
855 2298 1009 2339 mundo
1032 2299 1103 2351 qui
1126 2299 1178 2340 de
1197 2306 1347 2340 caetero
1366 2314 1496 2354 usque

155 2377 315 2417 quaque
333 2364 552 2406 resisteret.

689 2435 708 2455 ⁴¹
737 2436 798 2468 See
814 2438 895 2469 note
912 2438 965 2468 19.
