<?xml version="1.0" encoding="UTF-8"?>
<!DOCTYPE html PUBLIC "-//W3C//DTD XHTML 1.0 Transitional//EN"
    "http://www.w3.org/TR/xhtml1/DTD/xhtml1-transitional.dtd">
<html xmlns="http://www.w3.org/1999/xhtml" xml:lang="en" lang="en">
 <head>
  <title>
</title>
<meta http-equiv="Content-Type" content="text/html;charset=utf-8" />
  <meta name='ocr-system' content='tesseract 3.04.00' />
  <meta name='ocr-capabilities' content='ocr_page ocr_carea ocr_par ocr_line ocrx_word'/>
</head>
<body>
  <div class='ocr_page' id='page_1' title='image "./itinerariumregis00richuoft/itinerariumregis00richuoft_0036.png"; bbox 0 0 1708 2684; ppageno 0'>
   <div class='ocr_carea' id='block_1_1' title="bbox 275 256 1371 299">
    <p class='ocr_par' dir='ltr' id='par_1_1' title="bbox 275 256 1371 299">
     <span class='ocr_line' id='line_1_1' title="bbox 275 256 1371 299; baseline 0.004 -4"><span class='ocrx_word' id='word_1_1' title='bbox 275 257 325 295; x_wconf 84' lang='lat'>32</span> <span class='ocrx_word' id='word_1_2' title='bbox 526 256 913 298; x_wconf 85' lang='lat' dir='ltr'><strong>ITINERARIUM</strong></span> <span class='ocrx_word' id='word_1_3' title='bbox 941 257 1106 299; x_wconf 73' lang='lat' dir='ltr'><strong>REGIS</strong></span> <span class='ocrx_word' id='word_1_4' title='bbox 1133 256 1371 299; x_wconf 80' lang='lat' dir='ltr'><strong>RIGARDI</strong></span> 
     </span>
    </p>
   </div>
   <div class='ocr_carea' id='block_1_2' title="bbox 269 377 1639 694">
    <p class='ocr_par' dir='ltr' id='par_1_2' title="bbox 269 377 1639 694">
     <span class='ocr_line' id='line_1_2' title="bbox 271 377 1639 432; baseline 0.002 -16"><span class='ocrx_word' id='word_1_5' title='bbox 271 389 411 416; x_wconf 84' lang='lat' dir='ltr'>carnes</span> <span class='ocrx_word' id='word_1_6' title='bbox 431 382 473 416; x_wconf 89' lang='lat' dir='ltr'>et</span> <span class='ocrx_word' id='word_1_7' title='bbox 492 378 600 424; x_wconf 87' lang='lat' dir='ltr'>vina,</span> <span class='ocrx_word' id='word_1_8' title='bbox 621 383 662 418; x_wconf 89' lang='lat' dir='ltr'>et</span> <span class='ocrx_word' id='word_1_9' title='bbox 688 391 778 430; x_wconf 77' lang='lat' dir='ltr'>quae</span> <span class='ocrx_word' id='word_1_10' title='bbox 797 378 1035 419; x_wconf 87' lang='lat' dir='ltr'>viderentur</span> <span class='ocrx_word' id='word_1_11' title='bbox 1063 379 1148 419; x_wconf 85' lang='lat' dir='ltr'>esui</span> <span class='ocrx_word' id='word_1_12' title='bbox 1177 379 1411 419; x_wconf 83' lang='lat' dir='ltr'>necessaria.</span> <span class='ocrx_word' id='word_1_13' title='bbox 1467 377 1618 432; x_wconf 63' lang='lat' dir='ltr'>Nautis</span> <span class='ocrx_word' id='word_1_14' title='bbox 1637 394 1639 396; x_wconf 55' lang='lat'><strong><em>¹</em></strong></span> 
     </span>
     <span class='ocr_line' id='line_1_3' title="bbox 272 441 1616 498; baseline 0.004 -19"><span class='ocrx_word' id='word_1_15' title='bbox 272 441 400 494; x_wconf 88' lang='lat' dir='ltr'>igitur</span> <span class='ocrx_word' id='word_1_16' title='bbox 437 442 608 482; x_wconf 89' lang='lat' dir='ltr'>firmiter</span> <span class='ocrx_word' id='word_1_17' title='bbox 653 444 887 495; x_wconf 87' lang='lat' dir='ltr'>injunctum</span> <span class='ocrx_word' id='word_1_18' title='bbox 924 449 999 491; x_wconf 84' lang='lat' dir='ltr'>est,</span> <span class='ocrx_word' id='word_1_19' title='bbox 1034 449 1082 483; x_wconf 92' lang='lat' dir='ltr'>ut</span> <span class='ocrx_word' id='word_1_20' title='bbox 1120 457 1278 497; x_wconf 86' lang='lat' dir='ltr'>semper</span> <span class='ocrx_word' id='word_1_21' title='bbox 1315 444 1559 498; x_wconf 79' lang='lat' dir='ltr'>navigarent</span> <span class='ocrx_word' id='word_1_22' title='bbox 1594 455 1616 483; x_wconf 85' lang='lat' dir='ltr'>e</span> 
     </span>
     <span class='ocr_line' id='line_1_4' title="bbox 269 507 1616 562; baseline 0.002 -16"><span class='ocrx_word' id='word_1_23' title='bbox 269 507 434 560; x_wconf 83' lang='lat' dir='ltr'>regione</span> <span class='ocrx_word' id='word_1_24' title='bbox 481 507 737 560; x_wconf 85' lang='lat' dir='ltr'>procedentis</span> <span class='ocrx_word' id='word_1_25' title='bbox 782 522 855 561; x_wconf 89' lang='lat' dir='ltr'>per</span> <span class='ocrx_word' id='word_1_26' title='bbox 900 513 1052 549; x_wconf 86' lang='lat' dir='ltr'>terram</span> <span class='ocrx_word' id='word_1_27' title='bbox 1100 509 1313 558; x_wconf 82' lang='lat' dir='ltr'>exercitus,</span> <span class='ocrx_word' id='word_1_28' title='bbox 1353 522 1445 550; x_wconf 85' lang='lat' dir='ltr'>cum</span> <span class='ocrx_word' id='word_1_29' title='bbox 1480 507 1616 562; x_wconf 72' lang='lat' dir='ltr'>bargis</span> 
     </span>
     <span class='ocr_line' id='line_1_5' title="bbox 269 573 1616 627; baseline 0.003 -16"><span class='ocrx_word' id='word_1_30' title='bbox 269 573 462 612; x_wconf 87' lang='lat' dir='ltr'>onerariis</span> <span class='ocrx_word' id='word_1_31' title='bbox 501 578 543 614; x_wconf 90' lang='lat' dir='ltr'>et</span> <span class='ocrx_word' id='word_1_32' title='bbox 580 574 730 622; x_wconf 83' lang='lat' dir='ltr'>neckis,</span> <span class='ocrx_word' id='word_1_33' title='bbox 765 588 853 627; x_wconf 88' lang='lat' dir='ltr'>quae</span> <span class='ocrx_word' id='word_1_34' title='bbox 891 575 1083 615; x_wconf 81' lang='lat' dir='ltr'>victualia</span> <span class='ocrx_word' id='word_1_35' title='bbox 1119 575 1316 615; x_wconf 86' lang='lat' dir='ltr'>veherent</span> <span class='ocrx_word' id='word_1_36' title='bbox 1344 579 1388 615; x_wconf 86' lang='lat' dir='ltr'>et</span> <span class='ocrx_word' id='word_1_37' title='bbox 1432 573 1616 614; x_wconf 74' lang='lat' dir='ltr'>homines</span> 
     </span>
     <span class='ocr_line' id='line_1_6' title="bbox 269 639 1612 694; baseline 0.001 -17"><span class='ocrx_word' id='word_1_38' title='bbox 269 644 457 678; x_wconf 82' lang='lat' dir='ltr'>armatos.</span> <span class='ocrx_word' id='word_1_39' title='bbox 514 639 580 679; x_wconf 85' lang='lat' dir='ltr'>Sic</span> <span class='ocrx_word' id='word_1_40' title='bbox 608 640 735 693; x_wconf 86' lang='lat' dir='ltr'>igitur</span> <span class='ocrx_word' id='word_1_41' title='bbox 763 646 1024 692; x_wconf 86' lang='lat' dir='ltr'>procuratum</span> <span class='ocrx_word' id='word_1_42' title='bbox 1053 645 1128 689; x_wconf 86' lang='lat' dir='ltr'>est,</span> <span class='ocrx_word' id='word_1_43' title='bbox 1150 646 1199 680; x_wconf 81' lang='lat' dir='ltr'>ut</span> <span class='ocrx_word' id='word_1_44' title='bbox 1226 640 1422 694; x_wconf 84' lang='lat' dir='ltr'>bipertito</span> <span class='ocrx_word' id='word_1_45' title='bbox 1449 651 1612 693; x_wconf 84' lang='lat' dir='ltr'>progre-</span> 
     </span>
    </p>
   </div>
   <div class='ocr_carea' id='block_1_3' title="bbox 268 703 1691 759">
    <p class='ocr_par' dir='ltr' id='par_1_3' title="bbox 268 703 1691 759">
     <span class='ocr_line' id='line_1_7' title="bbox 268 703 1691 759; baseline 0.003 -16"><span class='ocrx_word' id='word_1_46' title='bbox 268 703 462 744; x_wconf 88' lang='lat' dir='ltr'>derentur</span> <span class='ocrx_word' id='word_1_47' title='bbox 483 707 677 755; x_wconf 73' lang='lat' dir='ltr'>exercitu,</span> <span class='ocrx_word' id='word_1_48' title='bbox 694 712 810 759; x_wconf 87' lang='lat' dir='ltr'>parte</span> <span class='ocrx_word' id='word_1_49' title='bbox 829 707 974 754; x_wconf 89' lang='lat' dir='ltr'>media,</span> <span class='ocrx_word' id='word_1_50' title='bbox 990 707 1159 755; x_wconf 89' lang='lat' dir='ltr'>marino,</span> <span class='ocrx_word' id='word_1_51' title='bbox 1176 712 1291 759; x_wconf 89' lang='lat' dir='ltr'>parte</span> <span class='ocrx_word' id='word_1_52' title='bbox 1310 706 1451 755; x_wconf 86' lang='lat' dir='ltr'>altera,</span> <span class='ocrx_word' id='word_1_53' title='bbox 1467 706 1615 747; x_wconf 75' lang='lat' dir='ltr'>itinere</span> <span class='ocrx_word' id='word_1_54' title='bbox 1689 744 1691 746; x_wconf 86' lang='lat'><em>.</em></span> 
     </span>
    </p>
   </div>
   <div class='ocr_carea' id='block_1_4' title="bbox 269 771 1614 889">
    <p class='ocr_par' dir='ltr' id='par_1_4' title="bbox 269 771 1614 889">
     <span class='ocr_line' id='line_1_8' title="bbox 269 771 1614 826; baseline 0.003 -18"><span class='ocrx_word' id='word_1_55' title='bbox 269 774 430 810; x_wconf 86' lang='lat' dir='ltr'>terreno</span> <span class='ocrx_word' id='word_1_56' title='bbox 446 785 457 820; x_wconf 67' lang='grc' dir='ltr'><strong><em>ς</em></strong></span> <span class='ocrx_word' id='word_1_57' title='bbox 486 785 568 811; x_wconf 91' lang='lat' dir='ltr'>non</span> <span class='ocrx_word' id='word_1_58' title='bbox 589 772 696 811; x_wconf 87' lang='lat' dir='ltr'>enim</span> <span class='ocrx_word' id='word_1_59' title='bbox 715 771 834 812; x_wconf 91' lang='lat' dir='ltr'>aliter</span> <span class='ocrx_word' id='word_1_60' title='bbox 852 772 934 813; x_wconf 78' lang='lat' dir='ltr'>fuit</span> <span class='ocrx_word' id='word_1_61' title='bbox 951 771 1142 826; x_wconf 88' lang='lat' dir='ltr'>possibile</span> <span class='ocrx_word' id='word_1_62' title='bbox 1161 777 1313 813; x_wconf 87' lang='lat' dir='ltr'>terram</span> <span class='ocrx_word' id='word_1_63' title='bbox 1331 772 1539 825; x_wconf 81' lang='lat' dir='ltr'>acquirere</span> <span class='ocrx_word' id='word_1_64' title='bbox 1557 771 1614 812; x_wconf 79' lang='lat' dir='ltr'>sio</span> 
     </span>
     <span class='ocr_line' id='line_1_9' title="bbox 269 834 720 889; baseline 0.004 -15"><span class='ocrx_word' id='word_1_65' title='bbox 269 848 293 874; x_wconf 84' lang='lat' dir='ltr'>a</span> <span class='ocrx_word' id='word_1_66' title='bbox 312 834 453 875; x_wconf 88' lang='lat' dir='ltr'>Turcis</span> <span class='ocrx_word' id='word_1_67' title='bbox 473 841 720 889; x_wconf 74' lang='lat' dir='ltr'>occupabam.</span> 
     </span>
    </p>
   </div>
   <div class='ocr_carea' id='block_1_5' title="bbox 485 935 1393 989">
    <p class='ocr_par' dir='ltr' id='par_1_5' title="bbox 485 935 1393 989">
     <span class='ocr_line' id='line_1_10' title="bbox 485 935 1393 989; baseline 0.001 -14"><span class='ocrx_word' id='word_1_68' title='bbox 485 935 560 975; x_wconf 69' lang='lat' dir='ltr'>The</span> <span class='ocrx_word' id='word_1_69' title='bbox 580 936 700 976; x_wconf 79' lang='lat' dir='ltr'>Twrks</span> <span class='ocrx_word' id='word_1_70' title='bbox 717 935 884 976; x_wconf 76' lang='lat' dir='ltr'>attacked</span> <span class='ocrx_word' id='word_1_71' title='bbox 903 935 961 976; x_wconf 75' lang='lat' dir='ltr'>the</span> <span class='ocrx_word' id='word_1_72' title='bbox 979 949 1089 989; x_wconf 73' lang='lat' dir='ltr'>army</span> <span class='ocrx_word' id='word_1_73' title='bbox 1106 950 1154 977; x_wconf 81' lang='lat' dir='ltr'>on</span> <span class='ocrx_word' id='word_1_74' title='bbox 1179 936 1237 977; x_wconf 76' lang='lat' dir='ltr'>the</span> <span class='ocrx_word' id='word_1_75' title='bbox 1255 936 1393 977; x_wconf 72' lang='lat' dir='ltr'>march.</span> 
     </span>
    </p>
   </div>
   <div class='ocr_carea' id='block_1_6' title="bbox 625 1120 1257 1170">
    <p class='ocr_par' dir='ltr' id='par_1_6' title="bbox 625 1120 1257 1170">
     <span class='ocr_line' id='line_1_11' title="bbox 625 1120 1257 1170; baseline 0.002 -1"><span class='ocrx_word' id='word_1_76' title='bbox 625 1120 731 1170; x_wconf 73' lang='lat' dir='ltr'>The</span> <span class='ocrx_word' id='word_1_77' title='bbox 778 1120 1003 1170; x_wconf 71' lang='lat' dir='ltr'>Turlcislz</span> <span class='ocrx_word' id='word_1_78' title='bbox 1045 1120 1257 1170; x_wconf 76' lang='lat' dir='ltr'>Tactics.</span> 
     </span>
    </p>
   </div>
   <div class='ocr_carea' id='block_1_7' title="bbox 258 1223 1607 1934">
    <p class='ocr_par' dir='ltr' id='par_1_7' title="bbox 263 1223 1607 1345">
     <span class='ocr_line' id='line_1_12' title="bbox 265 1223 1607 1278; baseline 0.002 -15"><span class='ocrx_word' id='word_1_79' title='bbox 265 1223 403 1264; x_wconf 80' lang='lat' dir='ltr'>TUROI</span> <span class='ocrx_word' id='word_1_80' title='bbox 432 1224 607 1278; x_wconf 90' lang='lat' dir='ltr'>denique</span> <span class='ocrx_word' id='word_1_81' title='bbox 635 1240 727 1275; x_wconf 91' lang='lat' dir='ltr'>non,</span> <span class='ocrx_word' id='word_1_82' title='bbox 750 1232 798 1266; x_wconf 94' lang='lat' dir='ltr'>ut</span> <span class='ocrx_word' id='word_1_83' title='bbox 825 1227 969 1274; x_wconf 90' lang='lat' dir='ltr'>nostri,</span> <span class='ocrx_word' id='word_1_84' title='bbox 985 1226 1201 1266; x_wconf 86' lang='lat' dir='ltr'>armaturis</span> <span class='ocrx_word' id='word_1_85' title='bbox 1223 1230 1322 1266; x_wconf 88' lang='lat' dir='ltr'>sunt</span> <span class='ocrx_word' id='word_1_86' title='bbox 1345 1226 1515 1274; x_wconf 86' lang='lat' dir='ltr'>onerati,</span> <span class='ocrx_word' id='word_1_87' title='bbox 1536 1225 1607 1267; x_wconf 85' lang='lat' dir='ltr'>sed</span> 
     </span>
     <span class='ocr_line' id='line_1_13' title="bbox 263 1290 1606 1345; baseline 0.001 -16"><span class='ocrx_word' id='word_1_88' title='bbox 263 1290 495 1331; x_wconf 88' lang='lat' dir='ltr'>incedentes</span> <span class='ocrx_word' id='word_1_89' title='bbox 524 1292 796 1344; x_wconf 83' lang='lat' dir='ltr'>expeditiores</span> <span class='ocrx_word' id='word_1_90' title='bbox 825 1298 985 1332; x_wconf 87' lang='lat' dir='ltr'>nostros</span> <span class='ocrx_word' id='word_1_91' title='bbox 1014 1292 1144 1332; x_wconf 91' lang='lat' dir='ltr'>multo</span> <span class='ocrx_word' id='word_1_92' title='bbox 1172 1291 1318 1344; x_wconf 84' lang='lat' dir='ltr'>majori</span> <span class='ocrx_word' id='word_1_93' title='bbox 1345 1292 1490 1345; x_wconf 86' lang='lat' dir='ltr'>saepius</span> <span class='ocrx_word' id='word_1_94' title='bbox 1517 1304 1606 1344; x_wconf 86' lang='lat' dir='ltr'>per-</span> 
     </span>
    </p>

    <p class='ocr_par' dir='ltr' id='par_1_8' title="bbox 274 1357 1606 1488">
     <span class='ocr_line' id='line_1_14' title="bbox 560 1357 1605 1411; baseline 0 -14"><span class='ocrx_word' id='word_1_95' title='bbox 560 1358 729 1397; x_wconf 87' lang='lat' dir='ltr'>turbant</span> <span class='ocrx_word' id='word_1_96' title='bbox 747 1358 995 1411; x_wconf 82' lang='lat' dir='ltr'>gravamine.</span> <span class='ocrx_word' id='word_1_97' title='bbox 1051 1357 1172 1398; x_wconf 88' lang='lat' dir='ltr'>Turci</span> <span class='ocrx_word' id='word_1_98' title='bbox 1197 1357 1282 1397; x_wconf 83' lang='lat' dir='ltr'>fere</span> <span class='ocrx_word' id='word_1_99' title='bbox 1302 1361 1400 1397; x_wconf 85' lang='lat' dir='ltr'>sunt</span> <span class='ocrx_word' id='word_1_100' title='bbox 1416 1357 1605 1406; x_wconf 85' lang='lat' dir='ltr'>inermes,</span> 
     </span>
     <span class='ocr_line' id='line_1_15' title="bbox 274 1403 1606 1488; baseline 0.001 -26"><span class='ocrx_word' id='word_1_101' title='bbox 274 1403 514 1488; x_wconf 50' lang='lat' dir='ltr'>R.S.1‚1{›i&#39;247.</span> <span class='ocrx_word' id='word_1_102' title='bbox 558 1437 697 1463; x_wconf 90' lang='lat' dir='ltr'>arcum</span> <span class='ocrx_word' id='word_1_103' title='bbox 725 1429 887 1463; x_wconf 87' lang='lat' dir='ltr'>tantum</span> <span class='ocrx_word' id='word_1_104' title='bbox 916 1427 1116 1476; x_wconf 87' lang='lat' dir='ltr'>gerentes,</span> <span class='ocrx_word' id='word_1_105' title='bbox 1140 1428 1182 1463; x_wconf 86' lang='lat' dir='ltr'>et</span> <span class='ocrx_word' id='word_1_106' title='bbox 1210 1422 1366 1463; x_wconf 88' lang='lat' dir='ltr'>clavam</span> <span class='ocrx_word' id='word_1_107' title='bbox 1393 1423 1606 1476; x_wconf 69' lang='lat' dir='ltr'>praeacutis</span> 
     </span>
    </p>

    <p class='ocr_par' dir='ltr' id='par_1_9' title="bbox 258 1488 1606 1934">
     <span class='ocr_line' id='line_1_16' title="bbox 558 1488 1606 1542; baseline 0 -14"><span class='ocrx_word' id='word_1_108' title='bbox 558 1488 749 1529; x_wconf 78' lang='lat' dir='ltr'>dentibus</span> <span class='ocrx_word' id='word_1_109' title='bbox 786 1489 999 1536; x_wconf 72' lang='lat' dir='ltr'>hirsutam,</span> <span class='ocrx_word' id='word_1_110' title='bbox 1039 1494 1081 1529; x_wconf 88' lang='lat' dir='ltr'>et</span> <span class='ocrx_word' id='word_1_111' title='bbox 1113 1489 1305 1542; x_wconf 86' lang='lat' dir='ltr'>gladium,</span> <span class='ocrx_word' id='word_1_112' title='bbox 1336 1488 1606 1529; x_wconf 85' lang='lat' dir='ltr'>arundineum</span> 
     </span>
     <span class='ocr_line' id='line_1_17' title="bbox 262 1554 1604 1607; baseline 0.001 -15"><span class='ocrx_word' id='word_1_113' title='bbox 262 1554 385 1592; x_wconf 87' lang='lat' dir='ltr'>etiam</span> <span class='ocrx_word' id='word_1_114' title='bbox 400 1554 545 1594; x_wconf 87' lang='lat' dir='ltr'>hastile</span> <span class='ocrx_word' id='word_1_115' title='bbox 561 1555 725 1607; x_wconf 88' lang='lat' dir='ltr'>cuspide</span> <span class='ocrx_word' id='word_1_116' title='bbox 740 1556 901 1605; x_wconf 84' lang='lat' dir='ltr'>ferrata,</span> <span class='ocrx_word' id='word_1_117' title='bbox 920 1559 963 1595; x_wconf 89' lang='lat' dir='ltr'>et</span> <span class='ocrx_word' id='word_1_118' title='bbox 973 1555 1181 1595; x_wconf 89' lang='lat' dir='ltr'>cultellum</span> <span class='ocrx_word' id='word_1_119' title='bbox 1193 1554 1340 1596; x_wconf 84' lang='lat' dir='ltr'>leviter</span> <span class='ocrx_word' id='word_1_120' title='bbox 1357 1566 1604 1607; x_wconf 83' lang='lat' dir='ltr'>appensum:</span> 
     </span>
     <span class='ocr_line' id='line_1_18' title="bbox 261 1619 1606 1673; baseline 0.001 -15"><span class='ocrx_word' id='word_1_121' title='bbox 261 1623 303 1658; x_wconf 88' lang='lat' dir='ltr'>et</span> <span class='ocrx_word' id='word_1_122' title='bbox 340 1620 502 1670; x_wconf 90' lang='lat' dir='ltr'>quando</span> <span class='ocrx_word' id='word_1_123' title='bbox 545 1621 652 1660; x_wconf 81' lang='lat' dir='ltr'>forte</span> <span class='ocrx_word' id='word_1_124' title='bbox 696 1621 976 1661; x_wconf 88' lang='lat' dir='ltr'>vehementius</span> <span class='ocrx_word' id='word_1_125' title='bbox 1017 1620 1158 1673; x_wconf 88' lang='lat' dir='ltr'>procul</span> <span class='ocrx_word' id='word_1_126' title='bbox 1202 1621 1447 1673; x_wconf 84' lang='lat' dir='ltr'>effugantur,</span> <span class='ocrx_word' id='word_1_127' title='bbox 1491 1619 1606 1673; x_wconf 78' lang='lat' dir='ltr'>equis</span> 
     </span>
     <span class='ocr_line' id='line_1_19' title="bbox 259 1685 1603 1738; baseline 0.001 -15"><span class='ocrx_word' id='word_1_128' title='bbox 259 1685 425 1724; x_wconf 86' lang='lat' dir='ltr'>avolant</span> <span class='ocrx_word' id='word_1_129' title='bbox 453 1685 728 1738; x_wconf 83' lang='lat' dir='ltr'>rapidissimis,</span> <span class='ocrx_word' id='word_1_130' title='bbox 762 1686 908 1738; x_wconf 86' lang='lat' dir='ltr'>quibus</span> <span class='ocrx_word' id='word_1_131' title='bbox 936 1687 979 1725; x_wconf 90' lang='lat' dir='ltr'>in</span> <span class='ocrx_word' id='word_1_132' title='bbox 1007 1685 1160 1725; x_wconf 91' lang='lat' dir='ltr'>mundo</span> <span class='ocrx_word' id='word_1_133' title='bbox 1179 1699 1262 1724; x_wconf 90' lang='lat' dir='ltr'>non</span> <span class='ocrx_word' id='word_1_134' title='bbox 1288 1690 1384 1725; x_wconf 86' lang='lat' dir='ltr'>sunt</span> <span class='ocrx_word' id='word_1_135' title='bbox 1402 1685 1603 1738; x_wconf 79' lang='lat' dir='ltr'>agiliores,</span> 
     </span>
     <span class='ocr_line' id='line_1_20' title="bbox 260 1750 1601 1803; baseline 0.001 -14"><span class='ocrx_word' id='word_1_136' title='bbox 260 1750 462 1790; x_wconf 88' lang='lat' dir='ltr'>volatibus</span> <span class='ocrx_word' id='word_1_137' title='bbox 521 1751 787 1791; x_wconf 85' lang='lat' dir='ltr'>hirundinum</span> <span class='ocrx_word' id='word_1_138' title='bbox 844 1765 963 1791; x_wconf 85' lang='lat' dir='ltr'>cursu</span> <span class='ocrx_word' id='word_1_139' title='bbox 1021 1750 1282 1803; x_wconf 89' lang='lat' dir='ltr'>comparandi</span> <span class='ocrx_word' id='word_1_140' title='bbox 1339 1750 1601 1790; x_wconf 86' lang='lat' dir='ltr'>velocissimo.</span> 
     </span>
     <span class='ocr_line' id='line_1_21' title="bbox 260 1815 1603 1869; baseline 0.001 -14"><span class='ocrx_word' id='word_1_141' title='bbox 260 1816 484 1855; x_wconf 87' lang='lat' dir='ltr'>Turcorum</span> <span class='ocrx_word' id='word_1_142' title='bbox 521 1817 645 1856; x_wconf 90' lang='lat' dir='ltr'>etiam</span> <span class='ocrx_word' id='word_1_143' title='bbox 681 1818 804 1856; x_wconf 85' lang='lat' dir='ltr'>moris</span> <span class='ocrx_word' id='word_1_144' title='bbox 842 1821 916 1865; x_wconf 90' lang='lat' dir='ltr'>est,</span> <span class='ocrx_word' id='word_1_145' title='bbox 955 1821 1003 1856; x_wconf 90' lang='lat' dir='ltr'>ut</span> <span class='ocrx_word' id='word_1_146' title='bbox 1040 1815 1203 1869; x_wconf 88' lang='lat' dir='ltr'>quando</span> <span class='ocrx_word' id='word_1_147' title='bbox 1240 1815 1516 1868; x_wconf 87' lang='lat' dir='ltr'>persenserint</span> <span class='ocrx_word' id='word_1_148' title='bbox 1560 1828 1603 1856; x_wconf 81' lang='lat' dir='ltr'>se</span> 
     </span>
     <span class='ocr_line' id='line_1_22' title="bbox 258 1881 1606 1934; baseline 0 -14"><span class='ocrx_word' id='word_1_149' title='bbox 258 1882 448 1934; x_wconf 79' lang='lat' dir='ltr'>fugantes</span> <span class='ocrx_word' id='word_1_150' title='bbox 467 1896 491 1921; x_wconf 90' lang='lat' dir='ltr'>a</span> <span class='ocrx_word' id='word_1_151' title='bbox 510 1883 787 1934; x_wconf 90' lang='lat' dir='ltr'>persequendo</span> <span class='ocrx_word' id='word_1_152' title='bbox 815 1896 979 1932; x_wconf 87' lang='lat' dir='ltr'>cessare,</span> <span class='ocrx_word' id='word_1_153' title='bbox 1007 1886 1105 1922; x_wconf 91' lang='lat' dir='ltr'>tunc</span> <span class='ocrx_word' id='word_1_154' title='bbox 1131 1886 1174 1921; x_wconf 90' lang='lat' dir='ltr'>et</span> <span class='ocrx_word' id='word_1_155' title='bbox 1201 1881 1279 1934; x_wconf 81' lang='lat' dir='ltr'>ipsi</span> <span class='ocrx_word' id='word_1_156' title='bbox 1307 1881 1447 1934; x_wconf 87' lang='lat' dir='ltr'>fugere</span> <span class='ocrx_word' id='word_1_157' title='bbox 1475 1893 1606 1921; x_wconf 79' lang='lat' dir='ltr'>cessa-</span> 
     </span>
    </p>
   </div>
   <div class='ocr_carea' id='block_1_8' title="bbox 260 1946 1673 1999">
    <p class='ocr_par' dir='ltr' id='par_1_10' title="bbox 260 1946 1673 1999">
     <span class='ocr_line' id='line_1_23' title="bbox 260 1946 1673 1999; baseline 0 -13"><span class='ocrx_word' id='word_1_158' title='bbox 260 1947 376 1995; x_wconf 90' lang='lat' dir='ltr'>bunt,</span> <span class='ocrx_word' id='word_1_159' title='bbox 407 1961 517 1987; x_wconf 85' lang='lat' dir='ltr'>more</span> <span class='ocrx_word' id='word_1_160' title='bbox 546 1961 691 1988; x_wconf 85' lang='lat' dir='ltr'>muscae</span> <span class='ocrx_word' id='word_1_161' title='bbox 720 1948 954 1995; x_wconf 68' lang='lat' dir='ltr'>fastidiosae,</span> <span class='ocrx_word' id='word_1_162' title='bbox 984 1961 1106 1999; x_wconf 89' lang='lat' dir='ltr'>quam</span> <span class='ocrx_word' id='word_1_163' title='bbox 1137 1947 1171 1986; x_wconf 89' lang='lat' dir='ltr'>si</span> <span class='ocrx_word' id='word_1_164' title='bbox 1199 1947 1382 1999; x_wconf 85' lang='lat' dir='ltr'>abegeris</span> <span class='ocrx_word' id='word_1_165' title='bbox 1409 1946 1600 1996; x_wconf 88' lang='lat' dir='ltr'>avolabit,</span> <span class='ocrx_word' id='word_1_166' title='bbox 1670 1977 1673 1980; x_wconf 83' lang='lat'><em>-</em></span> 
     </span>
    </p>
   </div>
   <div class='ocr_carea' id='block_1_9' title="bbox 256 2011 1602 2444">
    <p class='ocr_par' dir='ltr' id='par_1_11' title="bbox 256 2011 1602 2444">
     <span class='ocr_line' id='line_1_24' title="bbox 258 2011 1602 2066; baseline 0 -15"><span class='ocrx_word' id='word_1_167' title='bbox 258 2026 350 2052; x_wconf 86' lang='lat' dir='ltr'>cum</span> <span class='ocrx_word' id='word_1_168' title='bbox 387 2013 603 2052; x_wconf 86' lang='lat' dir='ltr'>cessaveris</span> <span class='ocrx_word' id='word_1_169' title='bbox 644 2013 808 2061; x_wconf 88' lang='lat' dir='ltr'>redibit,</span> <span class='ocrx_word' id='word_1_170' title='bbox 848 2013 1041 2066; x_wconf 89' lang='lat' dir='ltr'>quamdiu</span> <span class='ocrx_word' id='word_1_171' title='bbox 1082 2012 1290 2065; x_wconf 82' lang='lat' dir='ltr'>fugaveris</span> <span class='ocrx_word' id='word_1_172' title='bbox 1327 2011 1471 2064; x_wconf 84' lang='lat' dir='ltr'>fugiet,</span> <span class='ocrx_word' id='word_1_173' title='bbox 1510 2025 1602 2052; x_wconf 87' lang='lat' dir='ltr'>cum</span> 
     </span>
     <span class='ocr_line' id='line_1_25' title="bbox 257 2077 1599 2130; baseline 0.001 -14"><span class='ocrx_word' id='word_1_174' title='bbox 257 2077 422 2118; x_wconf 89' lang='lat' dir='ltr'>desieris</span> <span class='ocrx_word' id='word_1_175' title='bbox 442 2084 590 2130; x_wconf 78' lang='lat' dir='ltr'>praesto</span> <span class='ocrx_word' id='word_1_176' title='bbox 610 2084 684 2118; x_wconf 90' lang='lat' dir='ltr'>est.</span> <span class='ocrx_word' id='word_1_177' title='bbox 742 2079 837 2119; x_wconf 89' lang='lat' dir='ltr'>Non</span> <span class='ocrx_word' id='word_1_178' title='bbox 857 2093 969 2118; x_wconf 89' lang='lat' dir='ltr'>secus</span> <span class='ocrx_word' id='word_1_179' title='bbox 993 2082 1056 2117; x_wconf 87' lang='lat' dir='ltr'>est</span> <span class='ocrx_word' id='word_1_180' title='bbox 1080 2077 1132 2117; x_wconf 90' lang='lat' dir='ltr'>de</span> <span class='ocrx_word' id='word_1_181' title='bbox 1159 2077 1324 2117; x_wconf 84' lang='lat' dir='ltr'>Turcis:</span> <span class='ocrx_word' id='word_1_182' title='bbox 1354 2090 1447 2116; x_wconf 88' lang='lat' dir='ltr'>cum</span> <span class='ocrx_word' id='word_1_183' title='bbox 1466 2089 1599 2130; x_wconf 81' lang='lat' dir='ltr'>perse—</span> 
     </span>
     <span class='ocr_line' id='line_1_26' title="bbox 258 2142 1600 2195; baseline 0 -13"><span class='ocrx_word' id='word_1_184' title='bbox 258 2144 327 2195; x_wconf 91' lang='lat' dir='ltr'>qui</span> <span class='ocrx_word' id='word_1_185' title='bbox 347 2144 544 2183; x_wconf 86' lang='lat' dir='ltr'>desistens</span> <span class='ocrx_word' id='word_1_186' title='bbox 563 2145 793 2191; x_wconf 88' lang='lat' dir='ltr'>reverteris,</span> <span class='ocrx_word' id='word_1_187' title='bbox 806 2149 903 2184; x_wconf 88' lang='lat' dir='ltr'>tunc</span> <span class='ocrx_word' id='word_1_188' title='bbox 919 2144 1073 2183; x_wconf 88' lang='lat' dir='ltr'>Turcus</span> <span class='ocrx_word' id='word_1_189' title='bbox 1093 2142 1333 2195; x_wconf 87' lang='lat' dir='ltr'>insequitur,</span> <span class='ocrx_word' id='word_1_190' title='bbox 1349 2143 1382 2182; x_wconf 87' lang='lat' dir='ltr'>si</span> <span class='ocrx_word' id='word_1_191' title='bbox 1397 2142 1600 2195; x_wconf 80' lang='lat' dir='ltr'>fugaveris</span> 
     </span>
     <span class='ocr_line' id='line_1_27' title="bbox 256 2207 1599 2262; baseline 0 -16"><span class='ocrx_word' id='word_1_192' title='bbox 256 2208 387 2261; x_wconf 82' lang='lat' dir='ltr'>fugiet</span> <span class='ocrx_word' id='word_1_193' title='bbox 404 2222 414 2254; x_wconf 93' lang='lat'>;</span> <span class='ocrx_word' id='word_1_194' title='bbox 442 2209 501 2247; x_wconf 91' lang='lat' dir='ltr'>ita</span> <span class='ocrx_word' id='word_1_195' title='bbox 520 2209 672 2248; x_wconf 86' lang='lat' dir='ltr'>scilicet</span> <span class='ocrx_word' id='word_1_196' title='bbox 690 2223 783 2262; x_wconf 85' lang='lat' dir='ltr'>rege</span> <span class='ocrx_word' id='word_1_197' title='bbox 804 2210 972 2262; x_wconf 75' lang='lat' dir='ltr'>fugante</span> <span class='ocrx_word' id='word_1_198' title='bbox 992 2208 1252 2261; x_wconf 87' lang='lat' dir='ltr'>pertinaciter</span> <span class='ocrx_word' id='word_1_199' title='bbox 1271 2207 1494 2259; x_wconf 78' lang='lat' dir='ltr'>fugiebant,</span> <span class='ocrx_word' id='word_1_200' title='bbox 1508 2219 1599 2247; x_wconf 88' lang='lat' dir='ltr'>cum</span> 
     </span>
     <span class='ocr_line' id='line_1_28' title="bbox 259 2271 1599 2326; baseline -0.001 -14"><span class='ocrx_word' id='word_1_201' title='bbox 259 2274 390 2313; x_wconf 87' lang='lat' dir='ltr'>redire</span> <span class='ocrx_word' id='word_1_202' title='bbox 416 2274 662 2325; x_wconf 84' lang='lat' dir='ltr'>disponeret,</span> <span class='ocrx_word' id='word_1_203' title='bbox 683 2281 723 2314; x_wconf 90' lang='lat' dir='ltr'>et</span> <span class='ocrx_word' id='word_1_204' title='bbox 751 2275 828 2326; x_wconf 88' lang='lat' dir='ltr'>ipsi</span> <span class='ocrx_word' id='word_1_205' title='bbox 853 2274 1120 2313; x_wconf 88' lang='lat' dir='ltr'>imminebant</span> <span class='ocrx_word' id='word_1_206' title='bbox 1148 2287 1172 2312; x_wconf 91' lang='lat' dir='ltr'>a</span> <span class='ocrx_word' id='word_1_207' title='bbox 1200 2278 1327 2325; x_wconf 86' lang='lat' dir='ltr'>tergo,</span> <span class='ocrx_word' id='word_1_208' title='bbox 1358 2271 1599 2324; x_wconf 79' lang='lat' dir='ltr'>quandoque</span> 
     </span>
     <span class='ocr_line' id='line_1_29' title="bbox 259 2336 1599 2391; baseline -0.001 -14"><span class='ocrx_word' id='word_1_209' title='bbox 259 2353 341 2378; x_wconf 92' lang='lat' dir='ltr'>non</span> <span class='ocrx_word' id='word_1_210' title='bbox 371 2339 548 2391; x_wconf 88' lang='lat' dir='ltr'>impune,</span> <span class='ocrx_word' id='word_1_211' title='bbox 581 2339 652 2379; x_wconf 90' lang='lat' dir='ltr'>sed</span> <span class='ocrx_word' id='word_1_212' title='bbox 679 2345 721 2380; x_wconf 85' lang='lat' dir='ltr'>et</span> <span class='ocrx_word' id='word_1_213' title='bbox 749 2344 908 2380; x_wconf 83' lang='lat' dir='ltr'>nostros</span> <span class='ocrx_word' id='word_1_214' title='bbox 937 2339 1179 2391; x_wconf 83' lang='lat' dir='ltr'>quandoque</span> <span class='ocrx_word' id='word_1_215' title='bbox 1210 2338 1431 2391; x_wconf 89' lang='lat' dir='ltr'>plurimum</span> <span class='ocrx_word' id='word_1_216' title='bbox 1459 2336 1599 2377; x_wconf 89' lang='lat' dir='ltr'>debili-</span> 
     </span>
     <span class='ocr_line' id='line_1_30' title="bbox 258 2409 403 2444; baseline -0.007 0"><span class='ocrx_word' id='word_1_217' title='bbox 258 2409 403 2444; x_wconf 84' lang='lat' dir='ltr'>tantes.</span> 
     </span>
    </p>
   </div>
  </div>
 </body>
</html>
