1708 2684
301 267 353 306 34
553 267 938 309 ITINERARIUM
966 268 1131 309 REGIS
1159 267 1395 310 RIOARDI

305 392 453 428 “crum
481 388 668 441 adjuva,''
696 390 866 443 singulis
894 390 970 431 hoc
996 390 1105 430 idem
1134 391 1436 443 repetentibus;
1464 387 1651 430 similiter

303 457 346 492 et
364 454 487 494 tertio
502 454 756 504 clamantem,
785 455 925 496 eadem
953 456 1148 496 iterantes
1176 456 1445 496 imitabantur
1471 448 1651 495 universi

304 531 396 558 cum
415 520 592 559 maxima
605 520 736 560 cordis
756 521 1065 574 compunctione
1089 525 1132 562 et
1153 521 1423 574 lacrymarum
1446 519 1651 562 offusione.

307 583 406 633 Quis
426 585 532 624 enim
553 586 689 626 hocin
715 586 789 626 tali
815 599 896 626 non
922 587 1074 627 faceret
1101 586 1299 628 articulo'l
1326 601 1419 635 cum
1437 586 1562 627 etiam
1579 585 1657 625 hoc

306 663 638 692 commemorasse
672 658 771 692 tunc
803 652 958 692 factum
989 652 1171 705 potuerit
1202 652 1254 692 ab
1283 651 1543 693 audientibus
1570 649 1659 705 pias

306 716 503 769 lacrymas
523 717 679 758 elicere.
738 718 987 771 Hujusmodi
1010 717 1211 770 siquidem
1238 718 1412 759 clamore
1437 731 1519 758 non
1538 715 1656 758 mini-

307 796 419 822 mum
438 782 516 822 sibi
536 783 752 823 videbatur
772 784 975 824 exercitus
994 784 1176 824 recreari.
1648 781 1649 784 '

492 1018 696 1074 March,
734 1018 790 1067 in
825 1019 905 1069 the
941 1021 1104 1078 Ηεαι,
1143 1027 1194 1070 to
1231 1020 1477 1070 Coesarea.

310 1124 557 1164 Exmzcltrm
578 1126 658 1166 fuit
677 1126 755 1166 iter
774 1127 817 1166 in
837 1126 976 1167 littore
995 1127 1117 1167 maris
1132 1127 1473 1176 molestissimum,
1495 1130 1663 1180 propter

311 1190 481 1230 nimium
507 1191 720 1231 fervorem.
778 1193 926 1232 AEstus
945 1194 1095 1246 quippe
1115 1198 1213 1241 erat,
1236 1198 1278 1233 et
1302 1193 1456 1233 dietam
1478 1193 1662 1233 conficie-

394 1291 476 1322 1191
579 1256 679 1297 bant
698 1258 998 1309 permaximam.
1058 1258 1229 1298 Plurimi
1251 1258 1416 1310 quidem
1428 1262 1658 1308 aestuantes,

398 1315 491 1370 R.S.J
581 1322 711 1375 longae
746 1323 869 1362 etiam
902 1323 978 1363 viae
1011 1323 1117 1363 fame
1148 1324 1312 1377 fatigati
1343 1328 1386 1364 et
1423 1323 1560 1364 labore
1592 1337 1659 1364 ex-

349 1388 404 1420 PP·
422 1379 534 1410 255-6.
583 1389 890 1441 tinguebantur,
957 1402 1059 1440 quos
1130 1390 1359 1442 ubicunque
1423 1389 1663 1430 defecerunt

313 1454 586 1508 sepeliebant:
610 1454 806 1507 plurimos
835 1468 932 1494 vero
964 1455 1159 1507 fatigatos
1195 1455 1341 1495 itinere
1373 1454 1441 1495 vel
1468 1455 1665 1509 languore

312 1525 385 1560 aut
405 1533 646 1571 quocunque
666 1520 829 1559 affectos
849 1519 1114 1569 incommodo,
1133 1520 1231 1560 fecit
1249 1534 1324 1560 rex
1338 1520 1396 1560 eis
1415 1520 1664 1573 compatiens

313 1585 356 1624 in
372 1584 498 1637 galeis
518 1584 800 1637 transportari,
816 1589 858 1624 et
871 1585 1055 1631 navibus,
1072 1598 1199 1637 usque
1211 1585 1264 1625 ad
1275 1585 1500 1626 destinatas
1519 1585 1663 1626 dietas.

314 1650 606 1690 Consummato
620 1650 796 1690 maximo
812 1664 903 1690 cum
924 1650 1060 1690 labore
1075 1650 1156 1690 diei
1174 1651 1283 1691 illius
1302 1651 1459 1700 itinere,
1476 1651 1665 1704 pervenit

314 1716 516 1755 exercitus
531 1728 658 1767 usque
674 1714 908 1755 Caesaream.
954 1715 1017 1755 Ibi
1032 1717 1144 1768 prius
1160 1716 1294 1756 fuerat
1307 1730 1409 1770 gens
1422 1715 1659 1766 Tureorum‚

316 1785 358 1820 et
395 1793 531 1819 muros
570 1785 612 1820 et
648 1784 782 1820 turres
813 1794 864 1820 ex
894 1785 1010 1834 parte
1040 1780 1263 1828 diruerant,
1295 1786 1339 1822 et
1365 1781 1506 1822 villam
1537 1795 1660 1834 quam

315 1845 489 1885 maxime
514 1845 828 1885 destruxerant:
862 1846 933 1886 sed
961 1848 1110 1887 nostris
1135 1847 1469 1899 appropiantibus
1492 1847 1659 1901 aufuge-

314 1916 418 1950 rant.
476 1910 588 1950 Fixis
608 1910 760 1950 ibidem
772 1912 973 1961 tentoriis,
990 1912 1257 1965 pernoctabat
1270 1926 1370 1965 gens
1384 1918 1524 1952 nostra
1541 1913 1662 1965 juxta

316 1976 486 2015 fluvium
533 1976 690 2016 civitati
737 1977 980 2028 proximum,
1029 1977 1096 2030 qui
1145 1982 1315 2017 vocatur
1357 1978 1504 2018 fluvius
1540 1971 1678 2022 Coeo-¹

316 2041 537 2088 drillorum,
580 2055 626 2081 eo
663 2041 773 2093 quod
809 2042 1014 2082 cocodrilli
1044 2042 1146 2083 duos
1184 2043 1334 2084 milites
1366 2043 1662 2085 devoraverant

317 2105 414 2146 olim
433 2107 490 2145 ibi
508 2106 755 2147 balneantes.

376 2210 451 2250 The
481 2210 602 2250 Turks
630 2210 808 2251 harassed
835 2211 894 2251 the
923 2212 1126 2252 Orusaders
1151 2225 1199 2252 on
1226 2213 1284 2252 the
1310 2213 1447 2261 march,
1478 2213 1540 2253 but
1565 2213 1662 2254 there

318 2288 394 2314 was
412 2289 459 2315 no
469 2275 619 2327 pitclzed
635 2276 743 2315 battle
760 2277 873 2325 until,
895 2290 945 2316 οή,
963 2276 1172 2330 September
1192 2280 1230 2327 7,
1251 2278 1333 2330 they
1351 2278 1506 2318 reached
1523 2278 1660 2331 Areas.

321 2341 434 2381 There
453 2341 511 2380 the
525 2341 644 2381 Parks
662 2342 838 2386 attached.
