1708 2684
397 210 783 261 ITINERARIUM
813 220 978 262 REGIS
1006 220 1242 262 RICARDI
1445 217 1494 258 37

462 390 630 440 Final
670 391 897 441 Turlcish
930 390 1166 457 Repulse.

141 489 242 530 REX
269 490 548 540 nihilominus,
579 506 685 545 equo
717 493 868 533 favello
898 492 1052 546 Cyprio
1080 492 1238 540 sedens,
1268 492 1385 544 cujus
1413 504 1495 531 non

140 562 230 596 erat
257 556 410 606 similis,
442 571 583 599 versus
612 564 807 599 montana
834 559 1026 612 prosiluit
1053 572 1146 599 cum
1177 558 1306 599 electo
1333 557 1495 612 agmine

221 646 319 679 1191·
410 637 494 674 suo,
517 629 560 664 et
578 638 841 678 quoscunque
856 625 1082 666 Turcorum
1097 624 1314 678 dissipavit
1328 624 1469 665 obvios
1483 637 1495 672 3

225 689 320 727 Rus·-
409 695 452 731 et
471 690 653 743 undique
673 691 875 732 cadebant
902 692 955 732 ab
981 705 1039 740 eo,
1063 691 1335 731 tinnientibus
1353 689 1492 744 galeiS,

178 743 235 778 pp.
254 733 369 769 273-4.
409 763 453 798 et
488 756 785 810 prodeuntibus
826 771 851 798 a
895 758 994 798 ferri
1041 757 1249 798 collisione
1293 755 1492 797 scintillis.

139 821 274 863 Tanta
300 822 467 876 quidem
492 837 540 864 ea
570 822 636 864 die
666 823 926 864 vehementia
953 823 1235 864 concitabatur
1259 823 1303 863 in
1328 822 1493 871 Turcos,

139 887 310 929 lethales
330 889 605 942 multiplicans
624 889 742 938 ictus,
764 894 812 930 ut
831 890 884 930 ab
899 890 988 943 ejus
1007 889 1259 942 importabili
1278 901 1497 942 congressu

139 954 183 995 in
211 955 328 996 brevi
358 955 497 996 hostes
530 955 711 996 universi
744 955 1014 1004 diverterent,
1046 960 1088 996 et
1119 955 1318 996 exercitui
1355 959 1497 995 nostro

139 1033 400 1075 progressum
432 1021 636 1062 cederent.
695 1021 762 1062 Sic
791 1027 834 1062 et
862 1022 906 1061 in
939 1027 1057 1075 parte
1087 1021 1219 1062 nostri
1250 1020 1416 1061 lacerati
1444 1019 1497 1060 ad

139 1085 406 1127 standardum
452 1086 631 1139 denique
677 1087 936 1140 perveniunt,
987 1093 1030 1128 et
1075 1088 1227 1128 iterum
1272 1100 1346 1140 per
1391 1087 1496 1127 acies

139 1152 329 1202 ordinati,
360 1158 647 1206 processerunt
678 1153 860 1194 seriatim
894 1167 1022 1205 usque
1052 1154 1104 1194 ad
1135 1154 1277 1202 Arsur,
1308 1158 1351 1194 et
1379 1158 1497 1193 extra

139 1217 336 1272 oppidum
354 1219 480 1260 fixere
500 1219 688 1260 tentoria.
747 1219 907 1269 Quibus
921 1219 1021 1259 dum
1035 1219 1299 1260 intenderent
1309 1218 1494 1272 figendis,

139 1287 253 1324 ecce!
294 1284 519 1325 Turcorum
557 1298 709 1326 cuneus
751 1285 955 1325 maximus
1002 1286 1154 1325 invasit
1191 1285 1496 1325 extremitatem

139 1350 343 1390 exercitus
374 1351 516 1391 nostri.
575 1350 761 1391 Audiens
792 1357 931 1392 autern
965 1365 1039 1391 rex
1072 1351 1273 1391 Ricardus
1301 1351 1496 1390 vocifera-

138 1415 294 1455 tionem
305 1415 668 1469 congredientium,
687 1430 802 1456 suam
815 1422 981 1470 gentem
996 1417 1219 1456 exhortans
1234 1416 1287 1456 ad
1302 1429 1493 1469 pugnam,

138 1480 300 1521 reflexis
334 1481 431 1521 loris
459 1480 604 1534 rapido
637 1495 758 1521 cursu
789 1495 881 1522 cum
910 1482 1143 1534 quindecim
1172 1488 1335 1522 tantum
1364 1482 1494 1532 sociis,

138 1545 333 1586 audacter
351 1546 491 1587 hostes
510 1546 766 1600 aggrediens,
788 1547 1034 1587 exclamavit
1046 1561 1143 1589 voce
1163 1561 1321 1600 magna,
1343 1547 1496 1594 dicens,

142 1612 346 1666 “Adjuva
387 1626 472 1662 nos,
521 1613 635 1654 Deus
682 1622 724 1654 et
771 1613 968 1654 Sanctum
1007 1614 1247 1667 Sepulcrum
1264 1614 1286 1630 ’'
1302 1630 1313 1665 ;
1360 1618 1403 1655 et
1439 1615 1495 1654 sic

139 1677 383 1718 exclamavit
419 1679 600 1719 secundo
628 1685 670 1719 et
699 1680 834 1720 tertio.
894 1679 1023 1733 Cujus
1058 1694 1199 1720 vocem
1229 1693 1322 1719 cum
1359 1680 1494 1720 caeteri

137 1756 304 1784 suorum
331 1745 555 1794 audissent,
577 1745 821 1786 festinanter
849 1747 977 1786 secuti
1007 1752 1104 1786 sunt
1133 1760 1236 1795 eum,
1271 1751 1314 1786 et
1341 1746 1495 1786 Turcos

138 1810 388 1860 invaserunt,
426 1817 469 1852 et
502 1813 644 1852 statim
677 1812 881 1865 dispersos
912 1818 955 1853 et
987 1812 1249 1866 diffugientes
1279 1826 1408 1865 usque
1441 1812 1494 1852 ad

138 1875 298 1929 sylvam
317 1877 474 1927 Arsuri,
497 1891 548 1918 ex
578 1892 659 1930 qua
687 1879 801 1931 prius
830 1879 1028 1925 exierant,
1050 1879 1205 1932 jugiter
1233 1878 1425 1919 caedendo
1451 1885 1494 1918 et

138 1943 433 1994 prosternendo
446 1944 708 1997 fugaverunt.
743 1944 806 1984 Ibi
820 1945 943 1984 etiam
956 1945 1180 1985 Turcorum
1193 1958 1315 1997 quam
1327 1944 1491 1997 plurimi

138 2016 387 2049 corruerant.
445 2010 648 2051 Reversus
672 2015 736 2050 est
756 2010 933 2063 denique
959 2025 1032 2051 rex
1060 2025 1151 2051 cum
1177 2011 1260 2051 suis
1286 2011 1338 2051 ad
1358 2016 1484 2051 castr?

136 2087 159 2114 a
179 2074 287 2116 caede
307 2075 554 2129 fugientium
573 2076 809 2116 Turcorum.

568 2245 824 2294 Salczdz'n's
861 2246 1064 2311 Anger.

135 2341 343 2383 AUDOENS
369 2342 572 2384 Soldanus
598 2351 763 2397 gentem
783 2358 898 2384 suam
918 2344 1088 2385 electam
1108 2345 1150 2384 in
1169 2358 1251 2397 qua
1270 2344 1490 2397 plurimum

135 2407 271 2447 fuerat
307 2409 493 2456 confisus,
534 2424 558 2449 a
597 2411 747 2450 nostris
784 2410 843 2449 ita
880 2409 1119 2462 dissipatam
1153 2417 1195 2450 et
1232 2415 1464 2463 superatam
1479 2425 1491 2459 ;
